,Date,OtherunderPreferredStockDividend,EBIT,ImpairmentOfCapitalAssets,NetIncomeCommonStockholders,TaxRateForCalcs,DilutedNIAvailtoComStockholders,SpecialIncomeCharges,PretaxIncome,NetIncome,DilutedEPS,InterestIncomeNonOperating,InterestExpense,ReconciledCostOfRevenue,EBITDA,NetInterestIncome,TotalUnusualItems,DepreciationIncomeStatement,NetNonOperatingInterestIncomeExpense,TotalExpenses,OtherNonOperatingIncomeExpenses,NormalizedEBITDA,TotalOtherFinanceCost,NetIncomeFromContinuingAndDiscontinuedOperation,SellingGeneralAndAdministration,OperatingIncome,GeneralAndAdministrativeExpense,BasicAverageShares,MinorityInterests,ReconciledDepreciation,NetIncomeFromContinuingOperationNetMinorityInterest,TotalRevenue,InterestExpenseNonOperating,TotalUnusualItemsExcludingGoodwill,OperatingRevenue,NetIncomeIncludingNoncontrollingInterests,TaxProvision,Amortization,TaxEffectOfUnusualItems,BasicEPS,CostOfRevenue,NetIncomeContinuousOperations,GrossProfit,OperatingExpense,DilutedAverageShares,RestructuringAndMergernAcquisition,SellingAndMarketingExpense,NormalizedIncome,DepreciationAndAmortizationInIncomeStatement,OtherSpecialCharges,InterestIncome,Ticker,OtherOperatingExpenses,WriteOff,RentExpenseSupplemental,TotalOperatingIncomeAsReported,FeesandCommissionIncome,NonInterestIncome,IncomefromAssociatesandOtherParticipatingInterests,GainOnSaleOfSecurity,FeesAndCommissions,FeesandCommissionExpense,RentAndLandingFees,DividendIncome,OtherGandA,OtherIncomeExpense,ResearchAndDevelopment,NetIncomeDiscontinuousOperations,GainOnSaleOfBusiness,DepreciationAmortizationDepletionIncomeStatement,PreferredStockDividends,GainOnSaleOfPPE,OtherTaxes,EarningsFromEquityInterest,AmortizationOfIntangiblesIncomeStatement,AverageDilutionEarnings,EarningsFromEquityInterestNetOfTax,NonInterestExpense,CreditLossesProvision,OtherCustomerServices,TradingGainLoss,InvestmentBankingProfit,TrustFeesbyCommissions,ProfessionalExpenseAndContractServicesExpense,OtherNonInterestExpense,OccupancyAndEquipment,InterestExpenseForFederalFundsSoldAndSecuritiesPurchaseUnderAgreementsToResell,InterestIncomeFromLoans,ServiceChargeOnDepositorAccounts,GainLossonSaleofAssets,SecuritiesActivities,OtherInterestIncome,CreditCard,InterestIncomeAfterProvisionForLoanLoss,InterestExpenseForShortTermDebt,OtherNonInterestIncome,InterestIncomeFromLoansAndLease,InterestExpenseForDeposit,InterestIncomeFromFederalFundsSoldAndSecuritiesPurchaseUnderAgreementsToResell,SalariesAndWages,NetOccupancyExpense,OtherInterestExpense,TotalMoneyMarketInvestments,InterestIncomeFromSecurities,InterestExpenseForLongTermDebtAndCapitalSecurities,InterestIncomeFromDeposits,OtherCostofRevenue,MaintenanceAndRepairs,DDACostofRevenue,Fuel,RentandLandingFeesCostofRevenue,Equipment,TotalPremiumsEarned,GainonSaleofLoans,InsuranceAndClaims
0,2018-12-31,0.0,11197000.0,38000.0,8407000.0,0.224783,8407000.0,-1000.0,11193000.0,8407000.0,0.0163,446000.0,4000.0,20980000.0,0.0,442000.0,-1000.0,0.0,442000.0,29671000.0,63000.0,12789000.0,0.0,8407000.0,8190000.0,10773000.0,8168000.0,517095669.0,-270000.0,1591000.0,8407000.0,40444000.0,4000.0,-1000.0,40444000.0,8677000.0,2516000.0,561000.0,-224.783347,0.0163,20980000.0,8677000.0,19464000.0,8691000.0,517095669.0,-21000.0,22000.0,8407775.216653,561000.0,-37000.0,446000.0,40T.SI,,,,,,,,,,,,,,,,,,,,,,,,,,,,,,,,,,,,,,,,,,,,,,,,,,,,,,,,,,,,,,,
1,2019-12-31,0.0,10162000.0,18000.0,7465000.0,0.268147,7465000.0,-1199000.0,9905000.0,7465000.0,0.0141,500000.0,257000.0,22823000.0,0.0,243000.0,-19000.0,0.0,243000.0,32035000.0,72000.0,13323000.0,0.0,7465000.0,8737000.0,10837000.0,8677000.0,527569833.0,216000.0,3142000.0,7465000.0,42872000.0,257000.0,-1199000.0,42872000.0,7249000.0,2656000.0,560000.0,-321508.732963,0.0141,22823000.0,7249000.0,20049000.0,9212000.0,527569833.0,0.0,60000.0,9522491.267037,560000.0,1000.0,500000.0,40T.SI,,,,,,,,,,,,,,,,,,,,,,,,,,,,,,,,,,,,,,,,,,,,,,,,,,,,,,,,,,,,,,,
2,2020-12-31,0.0,6929000.0,0.0,4690000.0,0.315862,4690000.0,-1468000.0,6506000.0,4690000.0,0.0086,306000.0,423000.0,20270000.0,0.0,-118000.0,16000.0,0.0,-118000.0,28578000.0,327000.0,10165000.0,1000.0,4690000.0,8386000.0,7749000.0,8345000.0,547503823.0,239000.0,3252000.0,4690000.0,36327000.0,423000.0,-1468000.0,36327000.0,4451000.0,2055000.0,561000.0,-463685.828466,0.0086,20270000.0,4451000.0,16057000.0,8308000.0,547539437.0,0.0,41000.0,7178314.171534,561000.0,-16000.0,306000.0,40T.SI,,,,,,,,,,,,,,,,,,,,,,,,,,,,,,,,,,,,,,,,,,,,,,,,,,,,,,,,,,,,,,,
3,2021-09-30,0.0,8175000.0,0.0,5838000.0,0.262825,5838000.0,0.0,7739000.0,5838000.0,0.0,0.0,436000.0,20617000.0,11409000.0,-131000.0,16000.0,0.0,-131000.0,28825000.0,785000.0,11393000.0,0.0,5838000.0,8286000.0,8529000.0,8232000.0,0.0,133000.0,3234000.0,5838000.0,37354000.0,436000.0,-1468000.0,37354000.0,5705000.0,2034000.0,0.0,-385826.592583,0.0,20617000.0,5705000.0,16737000.0,8208000.0,0.0,0.0,54000.0,6920173.407417,0.0,0.0,0.0,40T.SI,,,,,,,,,,,,,,,,,,,,,,,,,,,,,,,,,,,,,,,,,,,,,,,,,,,,,,,,,,,,,,,
4,2018-12-31,0.0,770926000.0,,676745000.0,0.17,676745000.0,-8981000.0,676358000.0,676745000.0,0.1896,8856000.0,94568000.0,203973000.0,0.0,-87049000.0,-19384000.0,,-87049000.0,251314000.0,-1297000.0,790829000.0,1337000.0,676745000.0,47341000.0,446207000.0,47341000.0,3568687000.0,0.0,519000.0,676745000.0,697521000.0,94568000.0,-19384000.0,697521000.0,676745000.0,-387000.0,,-3295280.0,0.1896,203973000.0,676745000.0,493548000.0,47341000.0,3568687000.0,8981000.0,,692833720.0,,0.0,8856000.0,C38U.SI,2131000.0,0.0,3325000.0,,,,,,,,,,,,,,,,,,,,,,,,,,,,,,,,,,,,,,,,,,,,,,,,,,,,,,,,,,,,
5,2019-12-31,0.0,812989000.0,,696930000.0,0.0,696930000.0,-17601000.0,696930000.0,696930000.0,0.189,6446000.0,116059000.0,228521000.0,0.0,-111392000.0,-17601000.0,,-111392000.0,281714000.0,-1018000.0,832316000.0,1779000.0,696930000.0,53193000.0,505022000.0,53193000.0,3688299000.0,0.0,1726000.0,696930000.0,786736000.0,116059000.0,-17601000.0,786736000.0,696930000.0,0.0,,0.0,0.189,228521000.0,696930000.0,558215000.0,53193000.0,3688299000.0,0.0,,714531000.0,,17601000.0,6446000.0,C38U.SI,2106000.0,0.0,0.0,,,,,,,,,,,,,,,,,,,,,,,,,,,,,,,,,,,,,,,,,,,,,,,,,,,,,,,,,,,,
6,2020-12-31,0.0,480128000.0,,349819000.0,0.17,349819000.0,419169000.0,349679000.0,349819000.0,0.0835,1762000.0,130449000.0,232469000.0,0.0,-131184000.0,419169000.0,,-131184000.0,286553000.0,-1747000.0,63283000.0,2497000.0,349819000.0,54084000.0,458656000.0,54084000.0,4183762000.0,79000.0,2324000.0,349819000.0,745209000.0,130449000.0,419169000.0,745209000.0,349740000.0,-61000.0,,71258730.0,0.0836,232469000.0,349740000.0,512740000.0,54084000.0,4186643000.0,-419169000.0,,1908730.0,,0.0,1762000.0,C38U.SI,2534000.0,0.0,0.0,,,,,,,,,,,,,,,,,,,,,,,,,,,,,,,,,,,,,,,,,,,,,,,,,,,,,,,,,,,,
7,2021-06-30,0.0,1027756000.0,,843928000.0,0.008629,843928000.0,0.0,851756000.0,843928000.0,0.0,4898000.0,176000000.0,303928000.0,1031525000.0,-176218000.0,419169000.0,,-176218000.0,377842000.0,-2304000.0,612356000.0,5116000.0,843928000.0,73914000.0,694637000.0,73914000.0,0.0,-478000.0,3769000.0,843928000.0,1072479000.0,176000000.0,419169000.0,1072479000.0,844406000.0,7350000.0,,3617106.483547,0.0,303928000.0,844406000.0,768551000.0,73914000.0,0.0,0.0,,428376106.483547,,0.0,4898000.0,C38U.SI,0.0,0.0,0.0,,,,,,,,,,,,,,,,,,,,,,,,,,,,,,,,,,,,,,,,,,,,,,,,,,,,,,,,,,,,
8,2018-06-30,0.0,148526150.0,,134090521.0,0.09,134090521.0,2253548.0,147189928.0,134090521.0,0.0508,2850159.0,1336222.0,236830238.0,0.0,1513937.0,2747838.0,,1513937.0,384739607.0,1578534.0,167071421.0,0.0,134090521.0,147909369.0,157026496.0,118158697.0,2635387566.0,10277.0,21293109.0,134090521.0,541766103.0,1336222.0,2747838.0,541766103.0,134080244.0,13109684.0,,247305.42,0.0509,236830238.0,134080244.0,304935865.0,147909369.0,2637787566.0,0.0,29750672.0,131589988.42,,-1230859.0,2850159.0,5CP.SI,0.0,-1022689.0,,,,,,,,,,,,,,,,,,,,,,,,,,,,,,,,,,,,,,,,,,,,,,,,,,,,,,,,,,,,,
9,2019-06-30,0.0,311746721.0,,245577192.0,0.14,245577192.0,24226972.0,284725696.0,245577192.0,0.0927,3172427.0,27021025.0,254669616.0,0.0,-23848598.0,33930247.0,,-23848598.0,407839853.0,1255935.0,301790591.0,25547058.0,245577192.0,171419879.0,272967907.0,133996805.0,2648408108.0,10980.0,23974117.0,245577192.0,680807760.0,27021025.0,33930247.0,680807760.0,245566212.0,39159484.0,,4750234.58,0.0927,254669616.0,245566212.0,426138144.0,153170237.0,2648408108.0,-14839820.0,37423074.0,216397179.58,,-9039881.0,3172427.0,5CP.SI,-18249642.0,-347271.0,,,,,,,,,,,,,,,,,,,,,,,,,,,,,,,,,,,,,,,,,,,,,,,,,,,,,,,,,,,,,
10,2020-06-30,0.0,247325247.0,,184675753.0,0.131525,184675753.0,3860249.0,212639773.0,184675753.0,0.0704,3999337.0,34685474.0,271960168.0,0.0,-30686137.0,15366056.0,,-30686137.0,441616838.0,2306814.0,266596296.0,31026036.0,184675753.0,173375990.0,222074715.0,139980646.0,2623799690.0,3465.0,34637105.0,184675753.0,663691553.0,34685474.0,15366056.0,663691553.0,184672288.0,27967485.0,,2021023.323276,0.0704,271960168.0,184672288.0,391731385.0,169656670.0,2623799690.0,-1612461.0,33395344.0,171330720.323276,,-2247788.0,3999337.0,5CP.SI,-808485.0,0.0,,,,,,,,,,,,,,,,,,,,,,,,,,,,,,,,,,,,,,,,,,,,,,,,,,,,,,,,,,,,,
11,2021-06-30,0.0,399709856.0,,286173854.0,0.467592,286173854.0,215400.0,373474086.0,286173854.0,0.0,3730670.0,26235770.0,498387388.0,237154045.0,-22505100.0,1294656.0,,-22505100.0,865622934.0,6124138.0,473013434.0,0.0,286173854.0,380806194.0,386622674.0,319784594.0,0.0,16576.0,74598234.0,286173854.0,1252245608.0,26235770.0,1294656.0,1252245608.0,286157278.0,87316808.0,,302685.60421,0.0,498387388.0,286157278.0,753858220.0,367235546.0,0.0,0.0,61021600.0,285181883.60421,,-215400.0,3730670.0,5CP.SI,-4508648.0,0.0,,,,,,,,,,,,,,,,,,,,,,,,,,,,,,,,,,,,,,,,,,,,,,,,,,,,,,,,,,,,,
12,2018-12-31,0.0,2837100000.0,,2457100000.0,0.080151,2457100000.0,0.0,2671200000.0,2457100000.0,1.0492,56400000.0,165900000.0,1429400000.0,0.0,-114300000.0,0.0,,-114300000.0,1576100000.0,,2841300000.0,4800000.0,2457100000.0,174300000.0,1089300000.0,174300000.0,2341800000.0,0.0,4200000.0,2457100000.0,2665400000.0,165900000.0,0.0,2665400000.0,2457100000.0,214100000.0,,0.0,1.0492,1429400000.0,2457100000.0,1236000000.0,146700000.0,2341800000.0,0.0,,2457100000.0,,,56400000.0,H78.SI,,,,2331800000.0,,,,,,,,,,,,,,,,,,,,,,,,,,,,,,,,,,,,,,,,,,,,,,,,,,,,,,,,,,,
13,2019-12-31,0.0,662300000.0,,198000000.0,0.17,198000000.0,0.0,469300000.0,198000000.0,0.0848,83400000.0,193000000.0,989600000.0,0.0,-121400000.0,0.0,,-121400000.0,1149300000.0,,675900000.0,11800000.0,198000000.0,185600000.0,1170400000.0,185600000.0,2333900000.0,-4200000.0,13600000.0,198000000.0,2319700000.0,193000000.0,0.0,2319700000.0,202200000.0,267100000.0,,0.0,0.0848,989600000.0,202200000.0,1330100000.0,159700000.0,2333900000.0,0.0,,198000000.0,,,83400000.0,H78.SI,,,,350600000.0,,,,,,,,,,,,,,,,,,,,,,,,,,,,,,,,,,,,,,,,,,,,,,,,,,,,,,,,,,,
14,2020-12-31,0.0,-2324700000.0,,-2647400000.0,0.17,-2647400000.0,0.0,-2507200000.0,-2647400000.0,-1.1343,79000000.0,182500000.0,982600000.0,0.0,-115900000.0,0.0,,-115900000.0,1141400000.0,,-2309400000.0,12400000.0,-2647400000.0,190000000.0,952800000.0,190000000.0,2333900000.0,4400000.0,15300000.0,-2647400000.0,2094200000.0,182500000.0,0.0,2094200000.0,-2651800000.0,144600000.0,,0.0,-1.1343,982600000.0,-2651800000.0,1111600000.0,158800000.0,2333900000.0,0.0,,-2647400000.0,,,79000000.0,H78.SI,,,,-2483400000.0,,,,,,,,,,,,,,,,,,,,,,,,,,,,,,,,,,,,,,,,,,,,,,,,,,,,,,,,,,,
15,2021-06-30,0.0,-1329000000.0,,-1684700000.0,0.17,-1684700000.0,0.0,-1518900000.0,-1684700000.0,0.0,76500000.0,189900000.0,1044700000.0,-1313400000.0,-125800000.0,-5700000.0,,-125800000.0,1222200000.0,,-1307700000.0,0.0,-1684700000.0,206500000.0,937600000.0,206500000.0,0.0,-3700000.0,15600000.0,-1684700000.0,2159800000.0,189900000.0,-5700000.0,2159800000.0,-1681000000.0,162100000.0,,-969000.0,0.0,1044700000.0,-1681000000.0,1115100000.0,177500000.0,0.0,0.0,,-1679969000.0,,,76500000.0,H78.SI,,,,-1690200000.0,,,,,,,,,,,,,,,,,,,,,,,,,,,,,,,,,,,,,,,,,,,,,,,,,,,,,,,,,,,
16,2018-12-31,0.0,0.0,,0.0,0.0,0.0,0.0,0.0,0.0,0.0,0.0,0.0,0.0,0.0,0.0,0.0,,0.0,0.0,,0.0,0.0,0.0,0.0,0.0,0.0,0.0,,,0.0,0.0,0.0,0.0,0.0,0.0,0.0,,0.0,0.0,0.0,0.0,0.0,0.0,0.0,,,0.0,,,0.0,CRPU.SI,0.0,0.0,,,,,,,,,,,,,,,,,,,,,,,,,,,,,,,,,,,,,,,,,,,,,,,,,,,,,,,,,,,,,
17,2019-12-31,0.0,198018000.0,,126145000.0,0.280795,126145000.0,0.0,175395000.0,126145000.0,0.106016,284000.0,22623000.0,0.0,0.0,-27697000.0,102000.0,,-27697000.0,9343000.0,,197916000.0,5358000.0,126145000.0,9077000.0,108672000.0,9077000.0,1189869000.0,,,126145000.0,118015000.0,22623000.0,102000.0,118015000.0,126145000.0,49250000.0,,28641.067305,0.106016,0.0,126145000.0,118015000.0,9343000.0,1189869000.0,,,126071641.067305,,,284000.0,CRPU.SI,266000.0,0.0,,,,,,,,,,,,,,,,,,,,,,,,,,,,,,,,,,,,,,,,,,,,,,,,,,,,,,,,,,,,,
18,2020-03-31,0.0,0.0,,0.0,0.0,0.0,0.0,0.0,0.0,0.0,0.0,0.0,0.0,0.0,0.0,0.0,,0.0,0.0,,0.0,0.0,0.0,0.0,0.0,0.0,0.0,,,0.0,0.0,0.0,0.0,0.0,0.0,0.0,,0.0,0.0,0.0,0.0,0.0,0.0,0.0,,,0.0,,,0.0,CRPU.SI,-21000.0,0.0,,,,,,,,,,,,,,,,,,,,,,,,,,,,,,,,,,,,,,,,,,,,,,,,,,,,,,,,,,,,,
19,2020-12-31,0.0,84367000.0,,47023000.0,0.267999,47023000.0,-2438000.0,64239000.0,47023000.0,0.03917,64000.0,20128000.0,0.0,0.0,-25974000.0,-2663000.0,,-25974000.0,10425000.0,,87030000.0,5910000.0,47023000.0,9713000.0,114823000.0,9713000.0,1200661000.0,,,47023000.0,125248000.0,20128000.0,-2663000.0,125248000.0,47023000.0,17216000.0,,-713681.844362,0.03917,0.0,47023000.0,0.0,10425000.0,1200661000.0,,,48972318.155638,,,64000.0,CRPU.SI,712000.0,2438000.0,,,,,,,,,,,,,,,,,,,,,,,,,,,,,,,,,,,,,,,,,,,,,,,,,,,,,,,,,,,,,
20,2021-09-30,0.0,96053000.0,,59411000.0,0.244731,59411000.0,0.0,78662000.0,59411000.0,0.0,79000.0,17391000.0,0.0,96053000.0,-23978000.0,-1621000.0,,-23978000.0,11490000.0,,97674000.0,6666000.0,59411000.0,10778000.0,122582000.0,10778000.0,0.0,,,59411000.0,134072000.0,17391000.0,-1621000.0,134072000.0,59411000.0,19251000.0,,-396708.334393,0.0,0.0,59411000.0,0.0,11490000.0,0.0,,,60635291.665607,,,79000.0,CRPU.SI,0.0,0.0,,,,,,,,,,,,,,,,,,,,,,,,,,,,,,,,,,,,,,,,,,,,,,,,,,,,,,,,,,,,,
21,2018-12-31,,,,3896943000.0,0.166865,3896943000.0,5642000.0,4826219000.0,4008001000.0,2.33,,4920998000.0,,,6219965000.0,19688000.0,,,,,,,4008001000.0,414422000.0,,414422000.0,1665161000.0,-12893000.0,272853000.0,4008001000.0,9110682000.0,,19688000.0,,4020894000.0,805325000.0,,3285229.824838,2.34,,4020894000.0,,,1671352000.0,,,3991598229.824838,,-5642000.0,11140963000.0,U11.SI,,0.0,,,2302576000.0,2890717000.0,105881000.0,-35488000.0,1966692000.0,335884000.0,321473000.0,27327000.0,,,,,,,,,,,,,,,,,,,,,,,,,,,,,,,,,,,,,,,,,,,,,,,,,,,
22,2019-12-31,,,,4245956000.0,0.157036,4245956000.0,101000.0,5174223000.0,4343346000.0,2.54,,5994467000.0,,,6562361000.0,23405000.0,,,,,,,4343346000.0,504215000.0,,504215000.0,1667405000.0,-18339000.0,398656000.0,4343346000.0,10029663000.0,,23405000.0,,4361685000.0,812538000.0,,3675421.776371,2.55,,4361685000.0,,,1673381000.0,,,4323616421.776371,,-101000.0,12556828000.0,U11.SI,,19000000.0,,,2412429000.0,3467302000.0,51402000.0,241566000.0,2032142000.0,380287000.0,334276000.0,50592000.0,,,,,,,,,,,,,,,,,,,,,,,,,,,,,,,,,,,,,,,,,,,,,,,,,,,
23,2020-12-31,,,,2824000000.0,0.17138,2824000000.0,-3000000.0,3536000000.0,2915000000.0,1.68,,3588000000.0,,,6035000000.0,6000000.0,,,,,,,2915000000.0,582000000.0,,582000000.0,1669799000.0,-15000000.0,454000000.0,2915000000.0,9179000000.0,,6000000.0,,2930000000.0,606000000.0,,1028280.542986,1.69,,2930000000.0,,,1676986000.0,,,2910028280.542986,,3000000.0,9623000000.0,U11.SI,,0.0,,,2313000000.0,3144000000.0,98000000.0,286000000.0,1997000000.0,316000000.0,321000000.0,50000000.0,,,,,,,,,,,,,,,,,,,,,,,,,,,,,,,,,,,,,,,,,,,,,,,,,,,
24,2021-06-30,,,,3277000000.0,0.170791,3277000000.0,0.0,4081000000.0,3368000000.0,0.0,,2218000000.0,,,6092000000.0,6000000.0,,,,,,,3368000000.0,0.0,,0.0,0.0,-16000000.0,467000000.0,3368000000.0,9382000000.0,,6000000.0,,3384000000.0,697000000.0,,1024748.83607,0.0,,3384000000.0,,,0.0,,,3363024748.83607,,0.0,8310000000.0,U11.SI,,0.0,,,2590000000.0,3290000000.0,128000000.0,289000000.0,2269000000.0,321000000.0,349000000.0,43000000.0,,,,,,,,,,,,,,,,,,,,,,,,,,,,,,,,,,,,,,,,,,,,,,,,,,,
25,2018-01-31,5853000.0,-132913000.0,,-141343000.0,0.27,-141343000.0,,-134561000.0,-135490000.0,-0.825592,,1648000.0,54486000.0,0.0,-1648000.0,,,-1648000.0,250192000.0,-1473000.0,-125174000.0,,-135490000.0,136819000.0,-131440000.0,32542000.0,171202000.0,,7739000.0,-135490000.0,118752000.0,1648000.0,,118752000.0,-135490000.0,929000.0,,0.0,-0.825592,54486000.0,-135490000.0,64266000.0,195706000.0,171202000.0,,104277000.0,-135490000.0,,,,CRWD,,,,-131440000.0,,,,,,,,,32542000.0,-1473000.0,58887000.0,,,,,,,,,,,,,,,,,,,,,,,,,,,,,,,,,,,,,,,,,,,,,,,,
26,2019-01-31,-3576000.0,-138282000.0,,-136501000.0,0.27,-136501000.0,,-138710000.0,-140077000.0,-0.8,,428000.0,87238000.0,0.0,-428000.0,,,-428000.0,386688000.0,-1418000.0,-122884000.0,,-140077000.0,214899000.0,-136864000.0,42217000.0,171202000.0,,15398000.0,-140077000.0,249824000.0,428000.0,,249824000.0,-140077000.0,1367000.0,,0.0,-0.8,87238000.0,-140077000.0,162586000.0,299450000.0,171202000.0,,172682000.0,-140077000.0,,,,CRWD,,,,-136864000.0,,,,,,,,,42217000.0,-1418000.0,84551000.0,,,,,,,,,,,,,,,,,,,,,,,,,,,,,,,,,,,,,,,,,,,,,,,,
27,2020-01-31,0.0,-139340000.0,,-141779000.0,0.27,-141779000.0,,-139782000.0,-141779000.0,-0.96,,442000.0,141627000.0,0.0,-442000.0,,,-442000.0,627478000.0,6725000.0,-115827000.0,,-141779000.0,355663000.0,-146065000.0,89068000.0,148062000.0,,23513000.0,-141779000.0,481413000.0,442000.0,,481413000.0,-141779000.0,1997000.0,,0.0,-0.96,141627000.0,-141779000.0,339786000.0,485851000.0,148062000.0,,266595000.0,-141779000.0,,,,CRWD,,,,-146065000.0,,,,,,,,,89068000.0,6725000.0,130188000.0,,,,,,,,,,,,,,,,,,,,,,,,,,,,,,,,,,,,,,,,,,,,,,,,
28,2021-01-31,0.0,-86310000.0,,-92629000.0,0.27,-92629000.0,,-87869000.0,-92629000.0,-0.43,,1559000.0,229545000.0,0.0,-1559000.0,,,-1559000.0,966967000.0,6219000.0,-46167000.0,,-92629000.0,522752000.0,-92529000.0,121436000.0,217756000.0,,40143000.0,-92629000.0,874438000.0,1559000.0,,874438000.0,-92629000.0,4760000.0,,0.0,-0.43,229545000.0,-92629000.0,644893000.0,737422000.0,217756000.0,,401316000.0,-92629000.0,,,,CRWD,,,,-92529000.0,,,,,,,,,121436000.0,6219000.0,214670000.0,,,,,,,,,,,,,,,,,,,,,,,,,,,,,,,,,,,,,,,,,,,,,,,,
29,2021-10-31,0.0,-128058000.0,,-211824000.0,0.27,-211824000.0,,-148036000.0,-211824000.0,0.0,,19978000.0,337333000.0,-67903000.0,-19978000.0,,,-19978000.0,1420330000.0,6759000.0,-67903000.0,,-211824000.0,750662000.0,-134817000.0,184261000.0,0.0,,60155000.0,-211824000.0,1285513000.0,19978000.0,,1285513000.0,-209641000.0,61605000.0,,0.0,0.0,337333000.0,-209641000.0,948180000.0,1082997000.0,0.0,,566401000.0,-211824000.0,,,,CRWD,,,,-134817000.0,,,,,,,,,184261000.0,6759000.0,332335000.0,,,,,,,,,,,,,,,,,,,,,,,,,,,,,,,,,,,,,,,,,,,,,,,,
30,2018-12-31,,-259557000.0,,-243748000.0,0.068,-243748000.0,-90434000.0,-263174000.0,-218155000.0,-6.05,7770000.0,3617000.0,179364000.0,0.0,2859000.0,-86544000.0,,2859000.0,477740000.0,1012000.0,-55359000.0,1294000.0,-218155000.0,122112000.0,-151901000.0,,40277000.0,8837000.0,97092000.0,-236443000.0,325839000.0,3617000.0,-86544000.0,325839000.0,-226992000.0,-17894000.0,,-5884992.0,-6.05,158802000.0,-245280000.0,167037000.0,318938000.0,40277000.0,12375000.0,,-155783992.0,117654000.0,-6255000.0,7770000.0,SNCR,,84314000.0,,-164276000.0,,,,3890000.0,,,,,,-114132000.0,79172000.0,18288000.0,0.0,117654000.0,25593000.0,0.0,0.0,-28600000.0,,,,,,,,,,,,,,,,,,,,,,,,,,,,,,,,,,,,,,,,,
31,2019-12-31,,-100236000.0,,-136727000.0,0.27,-136727000.0,5585000.0,-101293000.0,-104593000.0,-3.36,1258000.0,1057000.0,150406000.0,0.0,-97000.0,5616000.0,,-97000.0,414743000.0,801000.0,-28815000.0,298000.0,-104593000.0,112771000.0,-105994000.0,,40694000.0,-1126000.0,77037000.0,-104593000.0,308749000.0,1057000.0,5616000.0,308749000.0,-103467000.0,2174000.0,,1516320.0,-3.36,150407000.0,-103467000.0,158342000.0,264336000.0,40694000.0,755000.0,,-108692680.0,77036000.0,-822000.0,1258000.0,SNCR,,0.0,,-107788000.0,,,,31000.0,,,,,,4798000.0,75568000.0,0.0,0.0,77036000.0,32134000.0,5518000.0,-1039000.0,-1619000.0,,,,,,,,,,,,,,,,,,,,,,,,,,,,,,,,,,,,,,,,,
32,2020-12-31,,-37046000.0,,-48683000.0,0.27,-48683000.0,-4478000.0,-37466000.0,-10702000.0,-1.16,1597000.0,420000.0,122830000.0,0.0,1121000.0,-244000.0,,1121000.0,330240000.0,227000.0,6883000.0,56000.0,-10702000.0,89292000.0,-38570000.0,,41950000.0,-344000.0,42672000.0,-10702000.0,291670000.0,420000.0,-244000.0,291670000.0,-10358000.0,-27108000.0,,-65880.0,-1.16,121817000.0,-10358000.0,169853000.0,208423000.0,41950000.0,7955000.0,,-10523880.0,43685000.0,0.0,1597000.0,SNCR,,0.0,,-48122000.0,,,,4234000.0,,,,,,-17000.0,77043000.0,0.0,0.0,43685000.0,37981000.0,3477000.0,-1597000.0,0.0,,,,,,,,,,,,,,,,,,,,,,,,,,,,,,,,,,,,,,,,,
33,2021-09-30,,-26048000.0,,-67230000.0,0.183643,-67230000.0,-2404000.0,-28893000.0,-23403000.0,0.0,64000.0,2845000.0,112451000.0,10352000.0,-3183000.0,-4555000.0,,-3183000.0,296985000.0,-331000.0,14907000.0,402000.0,-23403000.0,82833000.0,-20824000.0,,0.0,184000.0,35387000.0,-23403000.0,276161000.0,2845000.0,-4555000.0,276161000.0,-23587000.0,-5306000.0,,-836494.306579,0.0,111438000.0,-23587000.0,164723000.0,185547000.0,0.0,4267000.0,,-19684494.306579,36400000.0,0.0,64000.0,SNCR,,0.0,,0.0,,,,-2151000.0,,,,,,-4886000.0,67236000.0,0.0,0.0,36400000.0,43827000.0,1863000.0,0.0,0.0,,,,,,,,,,,,,,,,,,,,,,,,,,,,,,,,,,,,,,,,,
34,2018-03-31,108000000.0,103969000000.0,494000000.0,63985000000.0,0.18,63964000000.0,-758000000.0,100403000000.0,64093000000.0,24.51,30495000000.0,3566000000.0,92144000000.0,0.0,26929000000.0,-2437000000.0,,26929000000.0,179903000000.0,5548000000.0,128426000000.0,,64093000000.0,43540000000.0,70363000000.0,16241000000.0,2553000000.0,2681000000.0,22020000000.0,64093000000.0,250266000000.0,3566000000.0,-2437000000.0,250266000000.0,61412000000.0,18199000000.0,7120000000.0,-438660000.0,25.06,107044000000.0,61412000000.0,143222000000.0,72859000000.0,2610000000.0,264000000.0,27299000000.0,66091340000.0,7120000000.0,0.0,30495000000.0,BABA,-555000000.0,,,69314000000.0,,,,-1679000000.0,,,,,16241000000.0,3111000000.0,22754000000.0,,,7120000000.0,,,,,7120000000.0,-21000000.0,-20792000000.0,,,,,,,,,,,,,,,,,,,,,,,,,,,,,,,,,,,,,,
35,2019-03-31,286000000.0,101411000000.0,0.0,87600000000.0,0.17,87558000000.0,253000000.0,96221000000.0,87886000000.0,33.38,44106000000.0,5190000000.0,180576000000.0,0.0,38916000000.0,-1697000000.0,,38916000000.0,319094000000.0,1252000000.0,140188000000.0,,87886000000.0,64669000000.0,57750000000.0,24889000000.0,2580000000.0,7652000000.0,37080000000.0,87886000000.0,376844000000.0,5190000000.0,-1697000000.0,376844000000.0,80234000000.0,16553000000.0,10727000000.0,-288490000.0,33.95,206929000000.0,80234000000.0,169915000000.0,112165000000.0,2623000000.0,264000000.0,39780000000.0,89294510000.0,10727000000.0,-517000000.0,44106000000.0,BABA,-666000000.0,,,57084000000.0,,,,-1950000000.0,,,,,24889000000.0,-445000000.0,37435000000.0,,,10727000000.0,,,,,10727000000.0,-42000000.0,566000000.0,,,,,,,,,,,,,,,,,,,,,,,,,,,,,,,,,,,,,,
36,2020-03-31,170000000.0,171825000000.0,576000000.0,149263000000.0,0.12,149215000000.0,3162000000.0,166645000000.0,149433000000.0,55.92,72956000000.0,5180000000.0,253328000000.0,0.0,67776000000.0,2648000000.0,,67776000000.0,416707000000.0,3217000000.0,211604000000.0,,149433000000.0,78870000000.0,93004000000.0,28197000000.0,2627125000.0,9083000000.0,42427000000.0,149433000000.0,509711000000.0,5180000000.0,2648000000.0,509711000000.0,140350000000.0,20562000000.0,13388000000.0,317760000.0,56.8,282367000000.0,140350000000.0,227344000000.0,134340000000.0,2668250000.0,97000000.0,50673000000.0,147102760000.0,13388000000.0,-3835000000.0,72956000000.0,BABA,-998000000.0,,,91430000000.0,,,,-514000000.0,,,,,28197000000.0,5865000000.0,43080000000.0,,,13388000000.0,,,,,13388000000.0,-48000000.0,-5733000000.0,,,,,,,,,,,,,,,,,,,,,,,,,,,,,,,,,,,,,,
37,2021-03-31,270000000.0,170054000000.0,0.0,150308000000.0,0.18,150253000000.0,0.0,165578000000.0,150578000000.0,54.72,72794000000.0,4476000000.0,385723000000.0,0.0,68318000000.0,0.0,,68318000000.0,627611000000.0,7582000000.0,217963000000.0,,150578000000.0,136743000000.0,89678000000.0,55224000000.0,2702375000.0,7294000000.0,47909000000.0,150578000000.0,717289000000.0,4476000000.0,0.0,717289000000.0,143284000000.0,29278000000.0,12427000000.0,0.0,55.6,421205000000.0,143284000000.0,296084000000.0,206406000000.0,2747750000.0,0.0,81519000000.0,150578000000.0,12427000000.0,0.0,72794000000.0,BABA,0.0,,,89678000000.0,,,,0.0,,,,,55224000000.0,7582000000.0,57236000000.0,,,12427000000.0,,,,,12427000000.0,-55000000.0,6984000000.0,,,,,,,,,,,,,,,,,,,,,,,,,,,,,,,,,,,,,,
38,2021-09-30,269000000.0,138745000000.0,0.0,124456000000.0,0.234594,124401000000.0,0.0,133959000000.0,124725000000.0,0.0,42792000000.0,4786000000.0,500569000000.0,151311000000.0,38006000000.0,0.0,,38006000000.0,727717000000.0,8761000000.0,151311000000.0,,124725000000.0,158857000000.0,87192000000.0,52468000000.0,0.0,8190000000.0,12566000000.0,124725000000.0,814909000000.0,4786000000.0,0.0,814909000000.0,116535000000.0,31426000000.0,12566000000.0,0.0,0.0,500569000000.0,116535000000.0,314340000000.0,227148000000.0,0.0,0.0,106389000000.0,124725000000.0,12566000000.0,0.0,42792000000.0,BABA,0.0,,,87192000000.0,,,,0.0,,,,,52468000000.0,8761000000.0,55725000000.0,,,12566000000.0,,,,,12566000000.0,0.0,14002000000.0,,,,,,,,,,,,,,,,,,,,,,,,,,,,,,,,,,,,,,
39,2018-12-31,18098000.0,-567485000.0,,-598125000.0,0.27,-637078000.0,,-570925000.0,-580027000.0,-0.88974,10500000.0,3440000.0,165401000.0,0.0,7060000.0,48093000.0,,7060000.0,1218849000.0,-2638000.0,-601668000.0,,-580027000.0,767997000.0,-623440000.0,306235000.0,713879000.0,,13910000.0,-580027000.0,595409000.0,3440000.0,48093000.0,595409000.0,-580027000.0,9102000.0,,12985110.0,-0.837852,165401000.0,-580027000.0,430008000.0,1053448000.0,716027000.0,,461762000.0,-615134890.0,,,10500000.0,PLTR,,,,-623440000.0,,,,48093000.0,,,,,306235000.0,45455000.0,285451000.0,,,,,,,,,-38953000.0,,,,,,,,,,,,,,,,,,,,,,,,,,,,,,,,,,,,,,,
40,2019-12-31,-3000.0,-564210000.0,,-579643000.0,0.27,-579643000.0,,-567271000.0,-579646000.0,-0.42,15090000.0,3061000.0,242373000.0,0.0,12029000.0,-3000.0,,12029000.0,1318999000.0,-2853000.0,-551952000.0,,-579646000.0,771063000.0,-576444000.0,320943000.0,1389929814.0,,12255000.0,-579646000.0,742555000.0,3061000.0,-3000.0,742555000.0,-579646000.0,12375000.0,,-810.0,-0.42,242373000.0,-579646000.0,500182000.0,1076626000.0,1389929814.0,,450120000.0,-579643810.0,,,15090000.0,PLTR,,,,-576444000.0,,,,-3000.0,,,,,320943000.0,-2856000.0,305563000.0,,,,,,,,,0.0,,,,,,,,,,,,,,,,,,,,,,,,,,,,,,,,,,,,,,,
41,2020-12-31,0.0,-1164888000.0,,-1166391000.0,0.010717,-1171874000.0,,-1179027000.0,-1166391000.0,-1.2,4680000.0,14139000.0,352547000.0,0.0,-9459000.0,811000.0,,-9459000.0,2266352000.0,3300000.0,-1151828000.0,,-1166391000.0,1353145000.0,-1173679000.0,669444000.0,977721736.0,,13871000.0,-1166391000.0,1092673000.0,14139000.0,811000.0,1092673000.0,-1166391000.0,-12636000.0,,8691.739884,-1.19,352547000.0,-1166391000.0,740126000.0,1913805000.0,979330067.0,,683701000.0,-1167193308.260116,,,4680000.0,PLTR,,,,-1173679000.0,,,,811000.0,,,,,669444000.0,4111000.0,560660000.0,,,,,,,,,-5483000.0,,,,,,,,,,,,,,,,,,,,,,,,,,,,,,,,,,,,,,,
42,2021-09-30,0.0,-516395000.0,,-512534000.0,0.016718,-512534000.0,,-521248000.0,-512534000.0,0.0,1495000.0,4853000.0,322344000.0,-501775000.0,-3358000.0,0.0,,-3358000.0,1939788000.0,-9215000.0,-501775000.0,,-512534000.0,1220003000.0,-508675000.0,620465000.0,0.0,,14620000.0,-512534000.0,1431113000.0,4853000.0,0.0,1431113000.0,-512534000.0,-8714000.0,,0.0,0.0,322344000.0,-512534000.0,1108769000.0,1617444000.0,0.0,,599538000.0,-512534000.0,,,1495000.0,PLTR,,,,-508675000.0,,,,0.0,,,,,620465000.0,-9215000.0,397441000.0,,,,,,,,,0.0,,,,,,,,,,,,,,,,,,,,,,,,,,,,,,,,,,,,,,,
43,2018-12-31,,3357000000.0,,1833000000.0,0.085372,1833000000.0,-2000000.0,2003000000.0,1833000000.0,1.160413,282000000.0,0.0,11708000000.0,0.0,282000000.0,-98000000.0,,282000000.0,15628000000.0,-1537000000.0,3824000000.0,,1833000000.0,3972000000.0,3357000000.0,2258000000.0,1538157335.0,1000000.0,369000000.0,1833000000.0,18985000000.0,0.0,-98000000.0,18985000000.0,1832000000.0,171000000.0,,-8366450.324513,1.191686,11708000000.0,1832000000.0,7277000000.0,3920000000.0,1579610444.0,0.0,1714000000.0,1922633549.675487,,,282000000.0,TME,-52000000.0,2000000.0,,2039000000.0,,,,-96000000.0,,,,,2258000000.0,-1636000000.0,,,0.0,,,,,-1000000.0,,,,,,,,,,,,,,,,,,,,,,,,,,,,,,,,,,,,,,,,,
44,2019-12-31,,4604000000.0,,3982000000.0,0.124,3982000000.0,-43000000.0,4540000000.0,3982000000.0,2.373724,615000000.0,64000000.0,16761000000.0,0.0,551000000.0,-80000000.0,,551000000.0,21373000000.0,26000000.0,5267000000.0,,3982000000.0,4744000000.0,4061000000.0,2703000000.0,1677532969.0,5000000.0,583000000.0,3982000000.0,25434000000.0,64000000.0,-80000000.0,25434000000.0,3977000000.0,563000000.0,,-9920000.0,2.373724,16761000000.0,3977000000.0,8673000000.0,4612000000.0,1677532969.0,0.0,2041000000.0,4052080000.0,,,615000000.0,TME,-132000000.0,43000000.0,,4622000000.0,,,,-37000000.0,,,,,2703000000.0,-72000000.0,,,0.0,,,,,-18000000.0,,,,,,,,,,,,,,,,,,,,,,,,,,,,,,,,,,,,,,,,,
45,2020-12-31,,4729000000.0,,4155000000.0,0.098,4155000000.0,47000000.0,4632000000.0,4155000000.0,1.236,622000000.0,97000000.0,19851000000.0,0.0,525000000.0,47000000.0,,525000000.0,25182000000.0,70000000.0,5506000000.0,,4155000000.0,5576000000.0,3971000000.0,3101000000.0,3313527848.0,-21000000.0,824000000.0,4155000000.0,29153000000.0,97000000.0,47000000.0,29153000000.0,4176000000.0,456000000.0,,4606000.0,1.254,19851000000.0,4176000000.0,9302000000.0,5331000000.0,3360460760.0,-19000000.0,2475000000.0,4112606000.0,,,622000000.0,TME,-245000000.0,4000000.0,,4710000000.0,,,,0.0,,,,,3101000000.0,136000000.0,,,32000000.0,,,,,19000000.0,,,,,,,,,,,,,,,,,,,,,,,,,,,,,,,,,,,,,,,,,
46,2021-09-30,,4371000000.0,,3690000000.0,0.09688,3690000000.0,0.0,4263000000.0,3690000000.0,0.0,564000000.0,108000000.0,22063000000.0,4371000000.0,456000000.0,47000000.0,,456000000.0,28367000000.0,198000000.0,4324000000.0,,3690000000.0,6549000000.0,3605000000.0,3848000000.0,0.0,-160000000.0,0.0,3690000000.0,31972000000.0,108000000.0,47000000.0,31972000000.0,3850000000.0,413000000.0,,4553366.174056,0.0,22063000000.0,3850000000.0,9909000000.0,6304000000.0,0.0,0.0,2701000000.0,3647553366.174056,,,564000000.0,TME,0.0,0.0,,4414000000.0,,,,0.0,,,,,3848000000.0,202000000.0,,,0.0,,,,,-43000000.0,,,,,,,,,,,,,,,,,,,,,,,,,,,,,,,,,,,,,,,,,
47,2018-03-31,0.0,1188700000.0,38100000.0,892900000.0,0.149137,892900000.0,-1500000.0,1101000000.0,892900000.0,0.53054,60900000.0,87700000.0,11579900000.0,0.0,-28900000.0,3200000.0,,-28900000.0,14717300000.0,0.0,2869500000.0,2100000.0,892900000.0,2173100000.0,1088800000.0,1881700000.0,1677905917.0,-43900000.0,1684000000.0,892900000.0,15806100000.0,87700000.0,3200000.0,15806100000.0,936800000.0,164200000.0,,477238.873751,0.531949,11579900000.0,936800000.0,4226200000.0,3137400000.0,1683441218.0,3100000.0,291400000.0,890177238.873751,,-39800000.0,60900000.0,C6L.SI,749600000.0,100000.0,1658300000.0,1057300000.0,,,,,,,,,,,,,,,,,,,,0.0,,,,,,,,,,,,,,,,,,,,,,,,,,,,,,,,,,,,,,,
48,2019-03-31,0.0,982000000.0,0.0,682700000.0,0.169238,682400000.0,-71900000.0,868600000.0,682700000.0,0.404422,41900000.0,113400000.0,12163200000.0,0.0,-74200000.0,-64600000.0,,-74200000.0,15244700000.0,0.0,2436400000.0,2700000.0,682700000.0,2212800000.0,1078500000.0,1881000000.0,1679467156.0,-38900000.0,1389800000.0,682700000.0,16323200000.0,113400000.0,-64600000.0,16323200000.0,721600000.0,147000000.0,,-10932765.36956,0.406536,12163200000.0,721600000.0,4160000000.0,3081500000.0,1686847558.0,59800000.0,331800000.0,736367234.63044,,12100000.0,41900000.0,C6L.SI,868700000.0,0.0,1563700000.0,1067100000.0,,,,,,,,,,,,,,,,,,,,-300000.0,,,,,,,,,,,,,,,,,,,,,,,,,,,,,,,,,,,,,,,
49,2020-03-31,0.0,-3400000.0,14200000.0,-212000000.0,0.230699,-212300000.0,-77200000.0,-220200000.0,-212000000.0,-0.126118,42100000.0,216800000.0,12091900000.0,0.0,-178800000.0,-782300000.0,,-178800000.0,15159500000.0,0.0,2970600000.0,4100000.0,-212000000.0,2150900000.0,816400000.0,1816700000.0,1681454187.0,-42600000.0,2191700000.0,-212000000.0,15975900000.0,216800000.0,-782300000.0,15975900000.0,-169400000.0,-50800000.0,,-180476112.624886,-0.126118,12091900000.0,-169400000.0,3884000000.0,3067600000.0,1681454187.0,6500000.0,334200000.0,389823887.375114,,-7500000.0,42100000.0,C6L.SI,916700000.0,64000000.0,965600000.0,59100000.0,,,,,,,,,,,,,,,,,,,,-300000.0,,,,,,,,,,,,,,,,,,,,,,,,,,,,,,,,,,,,,,,
50,2021-03-31,0.0,-4697900000.0,1784600000.0,-4270700000.0,0.135924,-4270700000.0,-2058500000.0,-4957200000.0,-4270700000.0,-1.156,35400000.0,259300000.0,4868000000.0,0.0,-232500000.0,-2107000000.0,,-232500000.0,6114100000.0,-44700000.0,-449200000.0,8600000.0,-4270700000.0,428800000.0,-2298200000.0,416200000.0,3694700000.0,12700000.0,2141700000.0,-4270700000.0,3815900000.0,259300000.0,-2277400000.0,3815900000.0,-4283400000.0,-673800000.0,,-309552190.752844,-1.156,4868000000.0,-4283400000.0,-1052100000.0,1246100000.0,3694700000.0,30300000.0,12600000.0,-2132452190.752844,,60300000.0,35400000.0,C6L.SI,635600000.0,12900000.0,228800000.0,-2512500000.0,,,,,,,,,,,,,,,,,,,,0.0,,,,,,,,,,,,,,,,,,,,,,,,,,,,,,,,,,,,,,,
51,2021-09-30,0.0,-1797300000.0,301000000.0,-1640500000.0,0.231073,-1640500000.0,-359200000.0,-2129200000.0,-1640500000.0,0.0,34700000.0,331900000.0,5379600000.0,212300000.0,-305800000.0,62200000.0,,-305800000.0,6762700000.0,15200000.0,150100000.0,0.0,-1640500000.0,618600000.0,-1754300000.0,566300000.0,0.0,-3300000.0,2009600000.0,-1640500000.0,5008400000.0,331900000.0,62200000.0,5008400000.0,-1637200000.0,-492000000.0,,14372722.149164,0.0,5379600000.0,-1637200000.0,-371200000.0,1383100000.0,0.0,17200000.0,52300000.0,-1688327277.850836,,20700000.0,34700000.0,C6L.SI,582800000.0,20300000.0,338100000.0,-1269000000.0,,,,,,,,,,,,,,,,,,,,0.0,,,,,,,,,,,,,,,,,,,,,,,,,,,,,,,,,,,,,,,
52,2018-08-31,,14649000000.0,,14135000000.0,0.012,14135000000.0,-317000000.0,14307000000.0,14135000000.0,11.51,120000000.0,342000000.0,12500000000.0,0.0,-222000000.0,-392000000.0,,-222000000.0,15465000000.0,-5000000.0,19800000000.0,222000000.0,14135000000.0,813000000.0,14926000000.0,,1152000000.0,-3000000.0,4759000000.0,14135000000.0,30391000000.0,342000000.0,-392000000.0,30391000000.0,14138000000.0,168000000.0,,-4704000.0,12.27,12500000000.0,14138000000.0,17891000000.0,2965000000.0,1229000000.0,28000000.0,,14522296000.0,,385000000.0,120000000.0,MU,11000000.0,,,14994000000.0,,,,-75000000.0,,,,,,-397000000.0,2141000000.0,,,,,96000000.0,,0.0,,0.0,-1000000.0,,,,,,,,,,,,,,,,,,,,,,,,,,,,,,,,,,,,,,
53,2019-08-31,,7176000000.0,,6313000000.0,0.098,6301000000.0,-410000000.0,7048000000.0,6313000000.0,5.51,205000000.0,128000000.0,12704000000.0,0.0,77000000.0,-419000000.0,,77000000.0,16016000000.0,-405000000.0,13019000000.0,-77000000.0,6313000000.0,836000000.0,7390000000.0,,1114000000.0,-45000000.0,5424000000.0,6313000000.0,23406000000.0,128000000.0,-419000000.0,23406000000.0,6358000000.0,693000000.0,,-41062000.0,5.67,12704000000.0,6358000000.0,10702000000.0,3312000000.0,1143000000.0,-29000000.0,,6690938000.0,,396000000.0,205000000.0,MU,35000000.0,,,7376000000.0,,,,-9000000.0,,,,,,-419000000.0,2441000000.0,,,,,-43000000.0,,0.0,,-12000000.0,3000000.0,,,,,,,,,,,,,,,,,,,,,,,,,,,,,,,,,,,,,,
54,2020-05-31,,0.0,,0.0,0.0,0.0,0.0,0.0,0.0,0.0,0.0,0.0,0.0,0.0,0.0,0.0,,0.0,0.0,0.0,0.0,0.0,0.0,0.0,0.0,,0.0,0.0,0.0,0.0,0.0,0.0,0.0,0.0,0.0,0.0,,0.0,0.0,0.0,0.0,0.0,0.0,0.0,-112000000.0,,0.0,,-30000000.0,0.0,MU,0.0,,,0.0,,,,-7000000.0,,,,,,0.0,0.0,,,,,0.0,,0.0,,-10000000.0,0.0,,,,,,,,,,,,,,,,,,,,,,,,,,,,,,,,,,,,,,
55,2020-08-31,,3177000000.0,,2687000000.0,0.094,2683000000.0,-17000000.0,2983000000.0,2687000000.0,2.37,114000000.0,194000000.0,14883000000.0,0.0,-80000000.0,-25000000.0,,-80000000.0,18375000000.0,28000000.0,8852000000.0,0.0,2687000000.0,881000000.0,3060000000.0,,1110000000.0,-23000000.0,5650000000.0,2687000000.0,21435000000.0,194000000.0,-25000000.0,21435000000.0,2710000000.0,280000000.0,,-2350000.0,2.42,14883000000.0,2710000000.0,6552000000.0,3492000000.0,1131000000.0,60000000.0,,2709650000.0,,-40000000.0,114000000.0,MU,11000000.0,,,3003000000.0,,,,-8000000.0,,,,,,3000000.0,2600000000.0,,,,,3000000.0,,0.0,,-4000000.0,7000000.0,,,,,,,,,,,,,,,,,,,,,,,,,,,,,,,,,,,,,,
56,2021-08-31,,12802000000.0,,11722000000.0,0.126,11722000000.0,-930000000.0,12436000000.0,11722000000.0,0.0,74000000.0,366000000.0,34564000000.0,12615000000.0,-292000000.0,-766000000.0,,-292000000.0,41916000000.0,162000000.0,25996000000.0,0.0,11722000000.0,1788000000.0,13494000000.0,,0.0,0.0,12428000000.0,11722000000.0,55410000000.0,366000000.0,-766000000.0,55410000000.0,11722000000.0,788000000.0,,-48258000.0,0.0,34564000000.0,11722000000.0,20846000000.0,7352000000.0,0.0,976000000.0,,12439742000.0,,2000000.0,74000000.0,MU,238000000.0,,,12566000000.0,,,,164000000.0,,,,,,-766000000.0,5326000000.0,,,,,48000000.0,,0.0,,0.0,74000000.0,,,,,,,,,,,,,,,,,,,,,,,,,,,,,,,,,,,,,,
57,2018-12-31,,,,5491000000.0,0.151074,5491000000.0,91000000.0,6659000000.0,5577000000.0,2.15,,4843000000.0,,,8955000000.0,91000000.0,,,,,,,5577000000.0,939000000.0,,939000000.0,2559464000.0,-76000000.0,331000000.0,5577000000.0,13092000000.0,,91000000.0,,5653000000.0,1006000000.0,,13747709.866346,2.15,,5653000000.0,,,2559464000.0,,,5499747709.866346,,-91000000.0,13798000000.0,D05.SI,,,,,3119000000.0,4137000000.0,,131000000.0,2652000000.0,467000000.0,443000000.0,,,,,,,,,,,,,,,,,,,,,,,,,,,,,,,,,,,,,,,,,,,,,,,,,,,,
58,2019-12-31,,,,6299000000.0,0.152183,6299000000.0,1000000.0,7583000000.0,6391000000.0,2.46,,5967000000.0,,,9625000000.0,1000000.0,,,,,,,6391000000.0,1062000000.0,,1062000000.0,2555616000.0,-38000000.0,609000000.0,6391000000.0,14543000000.0,,1000000.0,,6429000000.0,1154000000.0,,152182.513517,2.46,,6429000000.0,,,2555616000.0,,,6390152182.513517,,-1000000.0,15592000000.0,D05.SI,,,,,3361000000.0,4918000000.0,,334000000.0,2839000000.0,522000000.0,452000000.0,,,,,,,,,,,,,,,,,,,,,,,,,,,,,,,,,,,,,,,,,,,,,,,,,,,,
59,2020-12-31,,,,4606000000.0,0.114009,4606000000.0,8000000.0,5368000000.0,4721000000.0,1.81,,3132000000.0,,,9076000000.0,8000000.0,,,,,,,4721000000.0,1093000000.0,,1093000000.0,2543231000.0,-35000000.0,648000000.0,4721000000.0,14584000000.0,,8000000.0,,4756000000.0,612000000.0,,912071.535022,1.81,,4756000000.0,,,2543231000.0,,,4713912071.535022,,-8000000.0,12208000000.0,D05.SI,,,,,3385000000.0,5508000000.0,,963000000.0,2910000000.0,475000000.0,452000000.0,,,,,,,,,,,,,,,,,,,,,,,,,,,,,,,,,,,,,,,,,,,,,,,,,,,,
60,2021-09-30,,,,6309000000.0,0.17,6309000000.0,0.0,7293000000.0,6424000000.0,0.0,,0.0,,,8420000000.0,8000000.0,,,,,,,6424000000.0,0.0,,0.0,0.0,0.0,0.0,6424000000.0,13928000000.0,,8000000.0,,6681000000.0,0.0,,1360000.0,0.0,,6681000000.0,,,0.0,,,6417360000.0,,0.0,11552000000.0,D05.SI,,,,,0.0,0.0,,0.0,3308000000.0,0.0,0.0,,,,,,,,,,,,,,,,,,,,,,,,,,,,,,,,,,,,,,,,,,,,,,,,,,,,
61,2018-12-31,1000000.0,25370000000.0,,22111000000.0,0.13,22112000000.0,,25361000000.0,22112000000.0,7.57,661000000.0,9000000.0,9355000000.0,0.0,652000000.0,-213000000.0,,652000000.0,30925000000.0,9000000.0,29898000000.0,-448000000.0,22112000000.0,11297000000.0,24913000000.0,3451000000.0,2890000000.0,,4315000000.0,22112000000.0,55838000000.0,9000000.0,-213000000.0,55013000000.0,22112000000.0,3249000000.0,,-27690000.0,7.65,9355000000.0,22112000000.0,46483000000.0,21570000000.0,2921000000.0,,7846000000.0,22297310000.0,,,661000000.0,FB,,,,24913000000.0,,,,-213000000.0,,,,,3451000000.0,-204000000.0,10273000000.0,,,,,,,,,1000000.0,,,,,,,,,,,,,,,,,,,,,,,,,,,,,,,,,,,,,,,
62,2019-12-31,0.0,24832000000.0,,18485000000.0,0.255,18485000000.0,,24812000000.0,18485000000.0,6.43,924000000.0,20000000.0,12770000000.0,0.0,904000000.0,-105000000.0,,904000000.0,46711000000.0,27000000.0,30678000000.0,-826000000.0,18485000000.0,20341000000.0,23986000000.0,10465000000.0,2854000000.0,,5741000000.0,18485000000.0,70697000000.0,20000000.0,-105000000.0,69655000000.0,18485000000.0,6327000000.0,,-26775000.0,6.48,12770000000.0,18485000000.0,57927000000.0,33941000000.0,2876000000.0,,9876000000.0,18563225000.0,,,924000000.0,FB,,,,23986000000.0,,,,-105000000.0,,,,,10465000000.0,-78000000.0,13600000000.0,,,,,,,,,0.0,,,,,,,,,,,,,,,,,,,,,,,,,,,,,,,,,,,,,,,
63,2020-12-31,0.0,32671000000.0,,29146000000.0,0.122,29146000000.0,,33180000000.0,29146000000.0,10.09,672000000.0,0.0,16692000000.0,0.0,672000000.0,-129000000.0,,672000000.0,53294000000.0,-34000000.0,39662000000.0,-509000000.0,29146000000.0,18155000000.0,32671000000.0,6564000000.0,2851000000.0,,6862000000.0,29146000000.0,85965000000.0,0.0,-129000000.0,84169000000.0,29146000000.0,4034000000.0,,-15738000.0,10.22,16692000000.0,29146000000.0,69273000000.0,36602000000.0,2888000000.0,,11591000000.0,29259262000.0,,,672000000.0,FB,,,,32671000000.0,,,,-129000000.0,,,,,6564000000.0,-163000000.0,18447000000.0,,,,,,,,,0.0,,,,,,,,,,,,,,,,,,,,,,,,,,,,,,,,,,,,,,,
64,2021-09-30,0.0,46943000000.0,,40304000000.0,0.153917,40304000000.0,,47636000000.0,40304000000.0,0.0,495000000.0,0.0,21511000000.0,54759000000.0,495000000.0,-9000000.0,,495000000.0,65387000000.0,207000000.0,54768000000.0,0.0,40304000000.0,21060000000.0,46943000000.0,8123000000.0,0.0,,7816000000.0,40304000000.0,112330000000.0,0.0,-9000000.0,109482000000.0,40304000000.0,7332000000.0,,-1385254.849274,0.0,21511000000.0,40304000000.0,90819000000.0,43876000000.0,0.0,,12937000000.0,40311614745.15073,,,495000000.0,FB,,,,46943000000.0,,,,-9000000.0,,,,,8123000000.0,198000000.0,22816000000.0,,,,,,,,,0.0,,,,,,,,,,,,,,,,,,,,,,,,,,,,,,,,,,,,,,,
65,2018-12-31,,-341674000.0,,-976091000.0,0.27,-976091000.0,-135233000.0,-1004745000.0,-976091000.0,-1.144,24533000.0,663071000.0,17419247000.0,0.0,-638538000.0,-135233000.0,,-638538000.0,21714108000.0,21866000.0,1694609000.0,,-976091000.0,2834491000.0,-252840000.0,,852625000.0,86491000.0,1901050000.0,-976091000.0,21461268000.0,663071000.0,-135233000.0,21461268000.0,-1062582000.0,57837000.0,,-36512910.0,-1.144,17419247000.0,-1062582000.0,4042021000.0,4294861000.0,852625000.0,135233000.0,,-877370910.0,,,24533000.0,TSLA,,,,-388073000.0,,,,,,,,,,-113367000.0,1460370000.0,,,,,,,,,,,,,,,,,,,,,,,,,,,,,,,,,,,,,,,,,,,,,,,,
66,2019-12-31,,20000000.0,,-862000000.0,0.17,-862000000.0,-149000000.0,-665000000.0,-862000000.0,-0.984,44000000.0,685000000.0,20509000000.0,0.0,-641000000.0,-149000000.0,,-641000000.0,24498000000.0,45000000.0,2323000000.0,,-862000000.0,2646000000.0,80000000.0,,885000000.0,-87000000.0,2154000000.0,-862000000.0,24578000000.0,685000000.0,-149000000.0,24578000000.0,-775000000.0,110000000.0,,-25330000.0,-0.984,20509000000.0,-775000000.0,4069000000.0,3989000000.0,885000000.0,149000000.0,,-738330000.0,,,44000000.0,TSLA,,,,-69000000.0,,,,,,,,,,-104000000.0,1343000000.0,,,,,,,,,,,,,,,,,,,,,,,,,,,,,,,,,,,,,,,,,,,,,,,,
67,2020-12-31,,1902000000.0,,690000000.0,0.25,690000000.0,0.0,1154000000.0,690000000.0,0.64,30000000.0,748000000.0,24906000000.0,0.0,-718000000.0,0.0,,-718000000.0,29542000000.0,-122000000.0,4224000000.0,,690000000.0,3145000000.0,1994000000.0,,933000000.0,-172000000.0,2322000000.0,690000000.0,31536000000.0,748000000.0,0.0,31536000000.0,862000000.0,292000000.0,,0.0,0.74,24906000000.0,862000000.0,6630000000.0,4636000000.0,1083000000.0,0.0,,690000000.0,,,30000000.0,TSLA,,,,1994000000.0,,,,,,,,,,-122000000.0,1491000000.0,,,,,,,,,,,,,,,,,,,,,,,,,,,,,,,,,,,,,,,,,,,,,,,,
68,2021-09-30,,4633000000.0,,3468000000.0,0.119892,3468000000.0,27000000.0,4087000000.0,3468000000.0,0.0,37000000.0,546000000.0,36023000000.0,7314000000.0,-509000000.0,27000000.0,,-509000000.0,42390000000.0,111000000.0,7287000000.0,,3468000000.0,3992000000.0,4458000000.0,,0.0,-129000000.0,2681000000.0,3468000000.0,46848000000.0,546000000.0,27000000.0,46848000000.0,3597000000.0,490000000.0,,3237093.222413,0.0,36023000000.0,3597000000.0,10825000000.0,6367000000.0,0.0,-27000000.0,,3444237093.222413,,,37000000.0,TSLA,,,,4485000000.0,,,,,,,,,,138000000.0,2375000000.0,,,,,,,,,,,,,,,,,,,,,,,,,,,,,,,,,,,,,,,,,,,,,,,,
69,2018-12-31,,35027000000.0,,30736000000.0,0.12,30736000000.0,-5071000000.0,34913000000.0,30736000000.0,43.7,1878000000.0,114000000.0,59549000000.0,0.0,1764000000.0,1499000000.0,,1764000000.0,105427000000.0,378000000.0,42563000000.0,-8592000000.0,30736000000.0,24459000000.0,31392000000.0,8126000000.0,695070104.0,,9035000000.0,30736000000.0,136819000000.0,114000000.0,1499000000.0,136819000000.0,30736000000.0,4177000000.0,,179880000.0,44.22,59549000000.0,30736000000.0,77270000000.0,45878000000.0,703340961.0,,16333000000.0,29416880000.0,,5071000000.0,1878000000.0,GOOGL,,,,26321000000.0,,,,6570000000.0,,,,,8126000000.0,1757000000.0,21419000000.0,,,,,,,-120000000.0,,,,,,,,,,,,,,,,,,,,,,,,,,,,,,,,,,,,,,,,,
70,2019-12-31,,39725000000.0,,34343000000.0,0.133,34343000000.0,-1697000000.0,39625000000.0,34343000000.0,49.16,2427000000.0,100000000.0,71896000000.0,0.0,2327000000.0,1204000000.0,,2327000000.0,125929000000.0,-224000000.0,50302000000.0,-5394000000.0,34343000000.0,28015000000.0,35928000000.0,9551000000.0,692596000.0,,11781000000.0,34343000000.0,161857000000.0,100000000.0,1204000000.0,161857000000.0,34343000000.0,5282000000.0,,160132000.0,49.59,71896000000.0,34343000000.0,89961000000.0,54033000000.0,698556000.0,,18464000000.0,33299132000.0,,1697000000.0,2427000000.0,GOOGL,,,,34231000000.0,,,,2901000000.0,,,,,9551000000.0,1370000000.0,26018000000.0,,,,,,,390000000.0,,,,,,,,,,,,,,,,,,,,,,,,,,,,,,,,,,,,,,,,,
71,2020-12-31,,48217000000.0,,40269000000.0,0.162,40269000000.0,0.0,48082000000.0,40269000000.0,58.61,1865000000.0,135000000.0,84732000000.0,0.0,1730000000.0,5973000000.0,,1730000000.0,141303000000.0,-1246000000.0,55941000000.0,0.0,40269000000.0,28998000000.0,41224000000.0,11052000000.0,680816000.0,,13697000000.0,40269000000.0,182527000000.0,135000000.0,5973000000.0,182527000000.0,40269000000.0,7813000000.0,,967626000.0,59.15,84732000000.0,40269000000.0,97795000000.0,56571000000.0,687028000.0,,17946000000.0,35263626000.0,,0.0,1865000000.0,GOOGL,,,,41224000000.0,,,,5973000000.0,,,,,11052000000.0,5128000000.0,27573000000.0,,,,,,,401000000.0,,,,,,,,,,,,,,,,,,,,,,,,,,,,,,,,,,,,,,,,,
72,2021-09-30,,85303000000.0,,70618000000.0,0.169405,70618000000.0,0.0,85021000000.0,70618000000.0,0.0,1507000000.0,282000000.0,104031000000.0,98030000000.0,1225000000.0,12890000000.0,,1225000000.0,166730000000.0,-2214000000.0,85140000000.0,0.0,70618000000.0,32823000000.0,72480000000.0,12201000000.0,0.0,,12727000000.0,70618000000.0,239210000000.0,282000000.0,12890000000.0,239210000000.0,70618000000.0,14403000000.0,,2183633102.409993,0.0,104031000000.0,70618000000.0,135179000000.0,62699000000.0,0.0,,20622000000.0,59911633102.409996,,0.0,1507000000.0,GOOGL,,,,72480000000.0,,,,12890000000.0,,,,,12201000000.0,11316000000.0,29876000000.0,,,,,,,640000000.0,,,,,,,,,,,,,,,,,,,,,,,,,,,,,,,,,,,,,,,,,
73,2018-01-31,,3257000000.0,,3047000000.0,0.047,3047000000.0,0.0,3196000000.0,3047000000.0,1.205,69000000.0,61000000.0,3892000000.0,0.0,8000000.0,0.0,,8000000.0,6504000000.0,-22000000.0,3456000000.0,,3047000000.0,815000000.0,3210000000.0,,2396000000.0,,199000000.0,3047000000.0,9714000000.0,61000000.0,0.0,9714000000.0,3047000000.0,149000000.0,,0.0,1.2725,3892000000.0,3047000000.0,5822000000.0,2612000000.0,2528000000.0,0.0,,3047000000.0,,,69000000.0,NVDA,,,,3210000000.0,,,,,,,,,,-22000000.0,1797000000.0,,,,,,,,,,,,,,,,,,,,,,,,,,,,,,,,,,,,,,,,,,,,,,,,
74,2019-01-31,,3954000000.0,,4141000000.0,0.27,4141000000.0,0.0,3896000000.0,4141000000.0,1.6575,136000000.0,58000000.0,4545000000.0,0.0,78000000.0,0.0,,78000000.0,7912000000.0,14000000.0,4216000000.0,,4141000000.0,991000000.0,3804000000.0,,2432000000.0,,262000000.0,4141000000.0,11716000000.0,58000000.0,0.0,11716000000.0,4141000000.0,-245000000.0,,0.0,1.7025,4545000000.0,4141000000.0,7171000000.0,3367000000.0,2500000000.0,0.0,,4141000000.0,,,136000000.0,NVDA,,,,3804000000.0,,,,,,,,,,14000000.0,2376000000.0,,,,,,,,,,,,,,,,,,,,,,,,,,,,,,,,,,,,,,,,,,,,,,,,
75,2020-01-31,,3022000000.0,,2796000000.0,0.059,2796000000.0,0.0,2970000000.0,2796000000.0,1.13,178000000.0,52000000.0,4150000000.0,0.0,126000000.0,0.0,,126000000.0,8072000000.0,-2000000.0,3403000000.0,,2796000000.0,1093000000.0,2846000000.0,,2436000000.0,,381000000.0,2796000000.0,10918000000.0,52000000.0,0.0,10918000000.0,2796000000.0,174000000.0,,0.0,1.1475,4150000000.0,2796000000.0,6768000000.0,3922000000.0,2472000000.0,0.0,,2796000000.0,,,178000000.0,NVDA,,,,2846000000.0,,,,,,,,,,-2000000.0,2829000000.0,,,,,,,,,,,,,,,,,,,,,,,,,,,,,,,,,,,,,,,,,,,,,,,,
76,2021-01-31,,4593000000.0,,4332000000.0,0.017,4332000000.0,0.0,4409000000.0,4332000000.0,1.725,57000000.0,184000000.0,6279000000.0,0.0,-127000000.0,0.0,,-127000000.0,12143000000.0,4000000.0,5691000000.0,,4332000000.0,1940000000.0,4532000000.0,,2468000000.0,,1098000000.0,4332000000.0,16675000000.0,184000000.0,0.0,16675000000.0,4332000000.0,77000000.0,,0.0,1.755,6279000000.0,4332000000.0,10396000000.0,5864000000.0,2512000000.0,0.0,,4332000000.0,,,57000000.0,NVDA,,,,4532000000.0,,,,,,,,,,4000000.0,3924000000.0,,,,,,,,,,,,,,,,,,,,,,,,,,,,,,,,,,,,,,,,,,,,,,,,
77,2021-10-31,,8774000000.0,,8206000000.0,0.039785,8206000000.0,0.0,8546000000.0,8206000000.0,0.0,27000000.0,228000000.0,8642000000.0,9927000000.0,-201000000.0,0.0,,-201000000.0,15696000000.0,169000000.0,9927000000.0,,8206000000.0,2106000000.0,8578000000.0,,0.0,,1153000000.0,8206000000.0,24274000000.0,228000000.0,0.0,24274000000.0,8206000000.0,340000000.0,,0.0,0.0,8642000000.0,8206000000.0,15632000000.0,7054000000.0,0.0,0.0,,8206000000.0,,,27000000.0,NVDA,,,,8578000000.0,,,,,,,,,,169000000.0,4948000000.0,,,,,,,,,,,,,,,,,,,,,,,,,,,,,,,,,,,,,,,,,,,,,,,,
78,2018-12-31,-6200000.0,2965300000.0,,2591600000.0,0.12,2591600000.0,,2937000000.0,2585400000.0,5.92,13500000.0,41800000.0,5914800000.0,0.0,-28300000.0,,,-28300000.0,7978700000.0,,3388000000.0,28300000.0,2585400000.0,488000000.0,2965300000.0,,424900000.0,,422700000.0,2585400000.0,10944000000.0,41800000.0,,10944000000.0,2585400000.0,351600000.0,,0.0,5.94,5914800000.0,2585400000.0,5029200000.0,2063900000.0,426400000.0,,,2585400000.0,,,13500000.0,ASML,,,,2965300000.0,,,,,,,,,,,1575900000.0,,,,,,,,,,0.0,,,,,,,,,,,,,,,,,,,,,,,,,,,,,,,,,,,,,,
79,2019-12-31,-18200000.0,2790800000.0,,2592300000.0,0.069,2592300000.0,,2765800000.0,2574100000.0,6.12,11600000.0,36600000.0,6540200000.0,0.0,-25000000.0,,,-25000000.0,9029200000.0,,3239300000.0,25000000.0,2574100000.0,520500000.0,2790800000.0,,420800000.0,,448500000.0,2574100000.0,11820000000.0,36600000.0,,11820000000.0,2574100000.0,191700000.0,,0.0,6.13,6540200000.0,2574100000.0,5279800000.0,2489000000.0,421600000.0,,,2574100000.0,,,11600000.0,ASML,,,,2790800000.0,,,,,,,,,,,1968500000.0,,,,,,,,,,0.0,,,,,,,,,,,,,,,,,,,,,,,,,,,,,,,,,,,,,,
80,2020-12-31,-88600000.0,4051500000.0,,3553700000.0,0.137,3553700000.0,,4016600000.0,3553700000.0,8.48,8400000.0,43400000.0,7181300000.0,0.0,-34900000.0,,,-34900000.0,9927000000.0,,4542300000.0,34900000.0,3553700000.0,544900000.0,4051500000.0,,418300000.0,,490800000.0,3553700000.0,13978500000.0,43400000.0,,13978500000.0,3553700000.0,551500000.0,,0.0,8.49,7181300000.0,3553700000.0,6797200000.0,2745700000.0,419100000.0,,,3553700000.0,,,8400000.0,ASML,,,,4051500000.0,,,,,,,,,,,2200800000.0,,,,,,,,,,88600000.0,,,,,,,,,,,,,,,,,,,,,,,,,,,,,,,,,,,,,,
81,2021-09-30,0.0,6222700000.0,,5460400000.0,0.14275,5460400000.0,,6182300000.0,5395300000.0,0.0,0.0,0.0,8560000000.0,6694900000.0,-40400000.0,,,-40400000.0,11656900000.0,,6694900000.0,40400000.0,5395300000.0,674600000.0,6222700000.0,,0.0,,472200000.0,5395300000.0,17879600000.0,0.0,,17879600000.0,5395300000.0,875600000.0,,0.0,0.0,8560000000.0,5395300000.0,9319600000.0,3096900000.0,0.0,,,5395300000.0,,,0.0,ASML,,,,6222700000.0,,,,,,,,,,,2422300000.0,,,,,,,,,,0.0,,,,,,,,,,,,,,,,,,,,,,,,,,,,,,,,,,,,,,
82,2018-06-30,,39207000000.0,,16571000000.0,0.27,16571000000.0,0.0,36474000000.0,16571000000.0,2.13,0.0,2733000000.0,38353000000.0,0.0,-2733000000.0,4208000000.0,,-2733000000.0,75302000000.0,-59000000.0,45260000000.0,,16571000000.0,22223000000.0,35058000000.0,4754000000.0,7700000000.0,,10261000000.0,16571000000.0,110360000000.0,2733000000.0,4208000000.0,110360000000.0,16571000000.0,19903000000.0,,1136160000.0,2.15,38353000000.0,16571000000.0,72007000000.0,36949000000.0,7794000000.0,0.0,17469000000.0,13499160000.0,,,0.0,MSFT,,,,35058000000.0,,,,4208000000.0,,,,,4754000000.0,4149000000.0,14726000000.0,,,,,,,,,,,,,,,,,,,,,,,,,,,,,,,,,,,,,,,,,,,,,,,,
83,2019-06-30,,46374000000.0,,39240000000.0,0.102,39240000000.0,0.0,43688000000.0,39240000000.0,5.06,2762000000.0,2686000000.0,42910000000.0,0.0,76000000.0,710000000.0,,76000000.0,82884000000.0,-57000000.0,57346000000.0,,39240000000.0,23098000000.0,42959000000.0,4885000000.0,7673000000.0,,11682000000.0,39240000000.0,125843000000.0,2686000000.0,710000000.0,125843000000.0,39240000000.0,4448000000.0,,72420000.0,5.11,42910000000.0,39240000000.0,82933000000.0,39974000000.0,7753000000.0,0.0,18213000000.0,38602420000.0,,,2762000000.0,MSFT,,,,42959000000.0,,,,710000000.0,,,,,4885000000.0,653000000.0,16876000000.0,,,,,,,,,,,,,,,,,,,,,,,,,,,,,,,,,,,,,,,,,,,,,,,,
84,2020-06-30,,55627000000.0,,44281000000.0,0.165,44281000000.0,0.0,53036000000.0,44281000000.0,5.76,2680000000.0,2591000000.0,46078000000.0,0.0,89000000.0,28000000.0,,89000000.0,90056000000.0,-40000000.0,68395000000.0,,44281000000.0,24709000000.0,52959000000.0,5111000000.0,7610000000.0,,12796000000.0,44281000000.0,143015000000.0,2591000000.0,28000000.0,143015000000.0,44281000000.0,8755000000.0,,4620000.0,5.82,46078000000.0,44281000000.0,96937000000.0,43978000000.0,7683000000.0,0.0,19598000000.0,44257620000.0,,,2680000000.0,MSFT,,,,52959000000.0,,,,28000000.0,,,,,5111000000.0,-12000000.0,19269000000.0,,,,,,,,,,,,,,,,,,,,,,,,,,,,,,,,,,,,,,,,,,,,,,,,
85,2021-06-30,,73448000000.0,,61271000000.0,0.14,61271000000.0,0.0,71102000000.0,61271000000.0,8.05,2131000000.0,2346000000.0,52232000000.0,0.0,-215000000.0,1303000000.0,,-215000000.0,98172000000.0,98000000.0,83831000000.0,,61271000000.0,25224000000.0,69916000000.0,5107000000.0,7547000000.0,,11686000000.0,61271000000.0,168088000000.0,2346000000.0,1303000000.0,168088000000.0,61271000000.0,9831000000.0,,182420000.0,8.12,52232000000.0,61271000000.0,115856000000.0,45940000000.0,7608000000.0,0.0,20117000000.0,60150420000.0,,,2131000000.0,MSFT,,,,69916000000.0,,,,1303000000.0,,,,,5107000000.0,1401000000.0,20716000000.0,,,,,,,,,,,,,,,,,,,,,,,,,,,,,,,,,,,,,,,,,,,,,,,,
86,2021-09-30,,77798000000.0,,67883000000.0,0.100911,67883000000.0,0.0,75502000000.0,67883000000.0,0.0,2081000000.0,2296000000.0,54876000000.0,90051000000.0,-215000000.0,1335000000.0,,-215000000.0,101973000000.0,0.0,88716000000.0,,67883000000.0,25708000000.0,74278000000.0,5275000000.0,0.0,,12253000000.0,67883000000.0,176251000000.0,2296000000.0,1335000000.0,176251000000.0,67883000000.0,7619000000.0,,134716497.576223,0.0,54876000000.0,67883000000.0,121375000000.0,47097000000.0,0.0,0.0,20433000000.0,66682716497.576225,,,2081000000.0,MSFT,,,,74278000000.0,,,,1335000000.0,,,,,5275000000.0,1439000000.0,21389000000.0,,,,,,,,,,,,,,,,,,,,,,,,,,,,,,,,,,,,,,,,,,,,,,,,
87,2018-12-31,,,,30709000000.0,0.203,30709000000.0,,40764000000.0,32474000000.0,9.0,,22383000000.0,,,55059000000.0,0.0,,,,,,,32474000000.0,36407000000.0,,33117000000.0,3396400000.0,,7791000000.0,32474000000.0,109029000000.0,,0.0,,32474000000.0,8290000000.0,,0.0,9.04,,32474000000.0,,,3414000000.0,,3290000000.0,32474000000.0,,,77442000000.0,JPM,,,,,29413000000.0,53970000000.0,,-395000000.0,29413000000.0,,,,8802000000.0,,,,,,1551000000.0,,,,,,,63394000000.0,-4871000000.0,1396000000.0,12059000000.0,7550000000.0,11038000000.0,8502000000.0,14533000000.0,3952000000.0,0.0,47620000000.0,9485000000.0,-395000000.0,2505000000.0,3417000000.0,4989000000.0,50188000000.0,1144000000.0,5343000000.0,47620000000.0,5973000000.0,4547000000.0,33117000000.0,3952000000.0,493000000.0,10454000000.0,15951000000.0,14773000000.0,5907000000.0,,,,,,,,,
88,2019-12-31,,,,34642000000.0,0.182,34642000000.0,,44545000000.0,36431000000.0,10.72,,26795000000.0,,,57245000000.0,0.0,,,,,,,36431000000.0,37734000000.0,,34155000000.0,3221500000.0,,8368000000.0,36431000000.0,115627000000.0,,0.0,,36431000000.0,8114000000.0,,0.0,10.75,,36431000000.0,,,3230400000.0,,3579000000.0,36431000000.0,,,84040000000.0,JPM,,,,,30874000000.0,58382000000.0,,258000000.0,30874000000.0,,,,9821000000.0,,,,,,1587000000.0,,,,,,,65497000000.0,-5585000000.0,1349000000.0,14018000000.0,7501000000.0,11180000000.0,8533000000.0,14908000000.0,4322000000.0,0.0,50375000000.0,10602000000.0,258000000.0,2439000000.0,1967000000.0,5304000000.0,51660000000.0,1248000000.0,5731000000.0,50375000000.0,8957000000.0,7720000000.0,34155000000.0,4322000000.0,568000000.0,11607000000.0,20091000000.0,16022000000.0,3887000000.0,,,,,,,,,
89,2020-12-31,,,,27410000000.0,0.177,27410000000.0,,35407000000.0,29131000000.0,8.88,,9960000000.0,,,54563000000.0,0.0,,,,,,,29131000000.0,37464000000.0,,34988000000.0,3082400000.0,,8614000000.0,29131000000.0,119475000000.0,,0.0,,29131000000.0,6276000000.0,,0.0,8.89,,29131000000.0,,,3087400000.0,,2476000000.0,29131000000.0,,,64523000000.0,JPM,,,,,32214000000.0,64912000000.0,,734000000.0,32214000000.0,,,,10338000000.0,,,,,,1583000000.0,,,,,,,66656000000.0,-17412000000.0,937000000.0,18021000000.0,9486000000.0,12032000000.0,8464000000.0,16279000000.0,4449000000.0,302000000.0,43758000000.0,11851000000.0,734000000.0,2959000000.0,1023000000.0,4435000000.0,37151000000.0,372000000.0,4457000000.0,43758000000.0,2357000000.0,2134000000.0,34988000000.0,4449000000.0,214000000.0,2883000000.0,16859000000.0,7017000000.0,749000000.0,,,,,,,,,
90,2021-09-30,,,,48274000000.0,0.188121,48274000000.0,,61673000000.0,50071000000.0,0.0,,5427000000.0,,,51968000000.0,550000000.0,,,,,,,50071000000.0,40270000000.0,,37456000000.0,0.0,,8128000000.0,50071000000.0,121366000000.0,,550000000.0,,50071000000.0,11602000000.0,,103466670.990547,0.0,,50071000000.0,,,0.0,,2814000000.0,49624466670.99055,,,57395000000.0,JPM,,,,,35277000000.0,69398000000.0,,-280000000.0,35277000000.0,,,,0.0,,,,,,1554000000.0,,,,,,,70053000000.0,9810000000.0,998000000.0,17443000000.0,12305000000.0,13855000000.0,9370000000.0,15938000000.0,4475000000.0,0.0,41126000000.0,12110000000.0,-280000000.0,3015000000.0,805000000.0,5299000000.0,61778000000.0,134000000.0,4653000000.0,41126000000.0,592000000.0,587000000.0,37456000000.0,4475000000.0,96000000.0,970000000.0,14494000000.0,4605000000.0,383000000.0,,,,,,,,,
91,2018-07-31,,-100600000.0,,-147900000.0,0.27,-147900000.0,,-130200000.0,-147900000.0,-1.61,27100000.0,29600000.0,645300000.0,0.0,-2500000.0,1700000.0,,-2500000.0,2402200000.0,-300000.0,-5900000.0,,-147900000.0,1356200000.0,-129100000.0,257800000.0,91700000.0,,96400000.0,-147900000.0,2273100000.0,29600000.0,1700000.0,2273100000.0,-147900000.0,17700000.0,,459000.0,-1.61,645300000.0,-147900000.0,1627800000.0,1756900000.0,91700000.0,,1098400000.0,-149141000.0,,,27100000.0,PANW,,,,-129100000.0,,,,1700000.0,,,,,257800000.0,1400000.0,400700000.0,,,,,,,,,,,,,,,,,,,,,,,,,,,,,,,,,,,,,,,,,,,,,,,,
92,2019-07-31,,9300000.0,,-81900000.0,0.27,-81900000.0,,-74600000.0,-81900000.0,-0.87,69800000.0,83900000.0,808400000.0,0.0,-14100000.0,-3500000.0,,-14100000.0,2953700000.0,-2900000.0,166600000.0,,-81900000.0,1605800000.0,-54100000.0,261800000.0,94500000.0,,153800000.0,-81900000.0,2899600000.0,83900000.0,-3500000.0,2899600000.0,-81900000.0,7300000.0,,-945000.0,-0.87,808400000.0,-81900000.0,2091200000.0,2145300000.0,94500000.0,,1344000000.0,-79345000.0,,,69800000.0,PANW,,,,-54100000.0,,,,-3500000.0,,,,,261800000.0,-6400000.0,539500000.0,,,,,,,,,,,,,,,,,,,,,,,,,,,,,,,,,,,,,,,,,,,,,,,,
93,2020-07-31,,-143100000.0,,-267000000.0,0.27,-267000000.0,,-231800000.0,-267000000.0,-2.76,41400000.0,88700000.0,999500000.0,0.0,-47300000.0,-6700000.0,,-47300000.0,3587400000.0,1200000.0,117100000.0,,-267000000.0,1819800000.0,-179000000.0,299600000.0,96900000.0,,253500000.0,-267000000.0,3408400000.0,88700000.0,-6700000.0,3408400000.0,-267000000.0,35200000.0,,-1809000.0,-2.76,999500000.0,-267000000.0,2408900000.0,2587900000.0,96900000.0,,1520200000.0,-262109000.0,,,41400000.0,PANW,,,,-179000000.0,,,,-6700000.0,,,,,299600000.0,-5500000.0,768100000.0,,,,,,,,,,,,,,,,,,,,,,,,,,,,,,,,,,,,,,,,,,,,,,,,
94,2021-07-31,,-301700000.0,,-498900000.0,0.27,-498900000.0,,-465000000.0,-498900000.0,-5.18,8500000.0,163300000.0,1274900000.0,0.0,-154800000.0,-5400000.0,,-154800000.0,4560200000.0,-700000.0,8600000.0,,-498900000.0,2144900000.0,-304100000.0,391100000.0,96400000.0,,304900000.0,-498900000.0,4256100000.0,163300000.0,-5400000.0,4256100000.0,-498900000.0,33900000.0,,-1458000.0,-5.18,1274900000.0,-498900000.0,2981200000.0,3285300000.0,96400000.0,,1753800000.0,-494958000.0,,,8500000.0,PANW,,,,-304100000.0,,,,-5400000.0,,,,,391100000.0,-6100000.0,1140400000.0,,,,,,,,,,,,,,,,,,,,,,,,,,,,,,,,,,,,,,,,,,,,,,,,
95,2021-10-31,,-344500000.0,,-510300000.0,0.27,-510300000.0,,-473900000.0,-510300000.0,0.0,0.0,129400000.0,1377700000.0,-25900000.0,-121500000.0,-5400000.0,,-121500000.0,4899800000.0,-4700000.0,-20500000.0,,-510300000.0,2279600000.0,-342300000.0,408500000.0,0.0,,318600000.0,-510300000.0,4557500000.0,129400000.0,-5400000.0,4557500000.0,-510300000.0,36400000.0,,-1458000.0,0.0,1377700000.0,-510300000.0,3179800000.0,3522100000.0,0.0,,1871100000.0,-506358000.0,,,0.0,PANW,,,,-342300000.0,,,,0.0,,,,,408500000.0,-10100000.0,1242500000.0,,,,,,,,,,,,,,,,,,,,,,,,,,,,,,,,,,,,,,,,,,,,,,,,
96,2018-05-31,6000000.0,4911000000.0,380000000.0,4566000000.0,0.05,4566000000.0,-380000000.0,4353000000.0,4572000000.0,16.79,48000000.0,558000000.0,50750000000.0,0.0,-510000000.0,-380000000.0,,-510000000.0,60200000000.0,-7000000.0,8386000000.0,510000000.0,4572000000.0,,5250000000.0,,265924840.0,,3095000000.0,4572000000.0,65450000000.0,558000000.0,-380000000.0,65450000000.0,4572000000.0,-219000000.0,,-19000000.0,17.192828,50750000000.0,4572000000.0,14700000000.0,9450000000.0,272304943.0,0.0,,4933000000.0,,0.0,48000000.0,FDX,9450000000.0,,3361000000.0,4870000000.0,,,,,,,,,,-387000000.0,,,,,,,,,,,,,,,,,,,,,,,,,,,,,,,,,,,,,,,,,38298000000.0,2622000000.0,3095000000.0,3374000000.0,3361000000.0,,,,
97,2019-05-31,1000000.0,1243000000.0,0.0,539000000.0,0.176,539000000.0,-320000000.0,655000000.0,540000000.0,2.03,59000000.0,588000000.0,54866000000.0,0.0,-529000000.0,-320000000.0,,-529000000.0,64907000000.0,-3282000000.0,4916000000.0,529000000.0,540000000.0,,4786000000.0,,260808410.0,,3353000000.0,540000000.0,69693000000.0,588000000.0,-320000000.0,69693000000.0,540000000.0,115000000.0,,-56320000.0,2.070485,54866000000.0,540000000.0,14827000000.0,10041000000.0,265000000.0,320000000.0,,803680000.0,,0.0,59000000.0,FDX,10041000000.0,,3360000000.0,4466000000.0,,,,,,,,,,-3602000000.0,,,,,,,,,,,,,,,,,,,,,,,,,,,,,,,,,,,,,,,,,41430000000.0,2834000000.0,3353000000.0,3889000000.0,3360000000.0,,,,
98,2020-05-31,2000000.0,2341000000.0,435000000.0,1284000000.0,0.23,1284000000.0,-435000000.0,1669000000.0,1286000000.0,4.9,55000000.0,672000000.0,55873000000.0,0.0,-617000000.0,-435000000.0,,-617000000.0,66365000000.0,-131000000.0,6391000000.0,617000000.0,1286000000.0,,2852000000.0,,262000000.0,,3615000000.0,1286000000.0,69217000000.0,672000000.0,-435000000.0,69217000000.0,1286000000.0,383000000.0,,-100050000.0,4.908397,55873000000.0,1286000000.0,13344000000.0,10492000000.0,262448980.0,0.0,,1620950000.0,,0.0,55000000.0,FDX,10492000000.0,,3712000000.0,2417000000.0,,,,,,,,,,-566000000.0,,,,,,,,,,,,,,,,,,,,,,,,,,,,,,,,,,,,,,,,,42497000000.0,2893000000.0,3615000000.0,3156000000.0,3712000000.0,,,,
99,2021-05-31,11000000.0,7467000000.0,0.0,5220000000.0,0.216,5220000000.0,-509000000.0,6674000000.0,5231000000.0,19.45,52000000.0,793000000.0,66005000000.0,0.0,-741000000.0,-509000000.0,,-741000000.0,77986000000.0,1951000000.0,11769000000.0,741000000.0,5231000000.0,,5973000000.0,,268000000.0,,3793000000.0,5231000000.0,83959000000.0,793000000.0,-509000000.0,83959000000.0,5231000000.0,1443000000.0,,-109944000.0,19.518657,66005000000.0,5231000000.0,17954000000.0,11981000000.0,268946015.0,116000000.0,,5630056000.0,,393000000.0,52000000.0,FDX,11981000000.0,,4155000000.0,5857000000.0,,,,,,,,,,1442000000.0,,,,,,,,,,,,,,,,,,,,,,,,,,,,,,,,,,,,,,,,,51847000000.0,3328000000.0,3793000000.0,2882000000.0,4155000000.0,,,,
100,2021-08-31,11000000.0,7294000000.0,0.0,5087000000.0,0.218697,5087000000.0,-576000000.0,6525000000.0,5098000000.0,0.0,0.0,769000000.0,68360000000.0,11132000000.0,-717000000.0,-576000000.0,,-717000000.0,80793000000.0,1970000000.0,11708000000.0,0.0,5098000000.0,,5848000000.0,,0.0,,3838000000.0,5098000000.0,86641000000.0,769000000.0,-576000000.0,86641000000.0,5098000000.0,1427000000.0,,-125969655.172414,0.0,68360000000.0,5098000000.0,18281000000.0,12433000000.0,0.0,183000000.0,,5548030344.827586,,0.0,0.0,FDX,12433000000.0,,4352000000.0,5665000000.0,,,,,,,,,,1394000000.0,,,,,,,,,,,,,,,,,,,,,,,,,,,,,,,,,,,,,,,,,53453000000.0,3391000000.0,3838000000.0,3326000000.0,4352000000.0,,,,
101,2018-12-31,,,,20689000000.0,0.202,20689000000.0,32000000.0,28538000000.0,22393000000.0,4.28,,14652000000.0,,,49995000000.0,32000000.0,,,,0.0,,,22393000000.0,34134000000.0,,34134000000.0,4799700000.0,-483000000.0,5593000000.0,22393000000.0,86408000000.0,,32000000.0,,22876000000.0,5662000000.0,1058000000.0,6464000.0,4.31,,22876000000.0,,,4838400000.0,0.0,0.0,22367464000.0,1058000000.0,-32000000.0,64647000000.0,WFC,,,0.0,,26132000000.0,36413000000.0,1515000000.0,7290000000.0,26132000000.0,0.0,0.0,,0.0,,,,,1058000000.0,1704000000.0,,,,1058000000.0,,,56158000000.0,-1744000000.0,900000000.0,-5064000000.0,1757000000.0,3316000000.0,0.0,16692000000.0,5332000000.0,,44891000000.0,8573000000.0,8933000000.0,9436000000.0,4358000000.0,3907000000.0,48251000000.0,1717000000.0,3575000000.0,44891000000.0,5622000000.0,,33024000000.0,2888000000.0,610000000.0,,15398000000.0,6703000000.0,,,,,,,2444000000.0,1080000000.0,1643000000.0,1110000000.0
102,2019-12-31,,,,17938000000.0,0.175,17938000000.0,0.0,24198000000.0,19549000000.0,4.05,,18852000000.0,,,47231000000.0,0.0,,,,-4321000000.0,,,19549000000.0,37841000000.0,,36765000000.0,4393100000.0,-492000000.0,7075000000.0,19549000000.0,85063000000.0,,0.0,,20041000000.0,4157000000.0,108000000.0,0.0,4.08,,20041000000.0,,,4425400000.0,0.0,1076000000.0,19549000000.0,108000000.0,0.0,66083000000.0,WFC,,,1155000000.0,,24695000000.0,37832000000.0,0.0,-1884000000.0,24695000000.0,2489000000.0,1155000000.0,,673000000.0,,,,,108000000.0,1611000000.0,,,,108000000.0,,,58178000000.0,-2687000000.0,779000000.0,5848000000.0,1797000000.0,3038000000.0,3198000000.0,11431000000.0,5708000000.0,,45038000000.0,7625000000.0,321000000.0,9237000000.0,5128000000.0,4016000000.0,44544000000.0,2316000000.0,4135000000.0,45038000000.0,8635000000.0,,35084000000.0,2945000000.0,551000000.0,,15917000000.0,7350000000.0,,,,,,,2763000000.0,1036000000.0,2205000000.0,526000000.0
103,2020-12-31,,,,1710000000.0,0.27,1710000000.0,-1428000000.0,581000000.0,3301000000.0,0.41,,7963000000.0,,,39835000000.0,-1428000000.0,,,,0.0,,,3301000000.0,35411000000.0,,34811000000.0,4118000000.0,-285000000.0,8736000000.0,3301000000.0,72340000000.0,,-1428000000.0,,3586000000.0,-3005000000.0,0.0,-385560000.0,0.42,,3586000000.0,,,4134200000.0,1499000000.0,600000000.0,4343440000.0,0.0,-71000000.0,47798000000.0,WFC,,,1022000000.0,,22393000000.0,32505000000.0,0.0,615000000.0,22254000000.0,139000000.0,1022000000.0,,0.0,,,,,0.0,1591000000.0,,,,0.0,,,56202000000.0,-14129000000.0,0.0,2067000000.0,1865000000.0,2872000000.0,6706000000.0,7723000000.0,6362000000.0,,35056000000.0,6602000000.0,4275000000.0,9375000000.0,954000000.0,3544000000.0,25706000000.0,250000000.0,2044000000.0,35056000000.0,2804000000.0,,34811000000.0,3263000000.0,438000000.0,,11788000000.0,4471000000.0,,,,,,,3099000000.0,0.0,3660000000.0,0.0
104,2021-09-30,,,,17451000000.0,0.114491,17451000000.0,-720000000.0,22648000000.0,18813000000.0,0.0,,4541000000.0,,,35751000000.0,-720000000.0,,,,0.0,,,18813000000.0,36527000000.0,,36014000000.0,0.0,-1242000000.0,8689000000.0,18813000000.0,74201000000.0,,-720000000.0,,20055000000.0,2593000000.0,0.0,-82433768.986224,0.0,,20055000000.0,,,0.0,791000000.0,513000000.0,19450566231.013775,0.0,0.0,40292000000.0,WFC,,,0.0,,24299000000.0,38450000000.0,0.0,615000000.0,24160000000.0,0.0,0.0,,0.0,,,,,0.0,1362000000.0,,,,0.0,,,54715000000.0,3882000000.0,0.0,5193000000.0,2171000000.0,4039000000.0,5919000000.0,5962000000.0,6307000000.0,,30202000000.0,6892000000.0,5808000000.0,0.0,309000000.0,4047000000.0,39633000000.0,0.0,1118000000.0,30202000000.0,466000000.0,,36014000000.0,3069000000.0,386000000.0,,9781000000.0,3439000000.0,,,,,,,3238000000.0,0.0,5193000000.0,0.0
105,2018-09-30,,1281000000.0,,-4864000000.0,0.27,-4864000000.0,-75000000.0,513000000.0,-4864000000.0,-3.32,625000000.0,768000000.0,10244000000.0,0.0,-143000000.0,59000000.0,,-143000000.0,21990000000.0,0.0,2783000000.0,,-4864000000.0,2986000000.0,742000000.0,,1463000000.0,0.0,1561000000.0,-4864000000.0,22732000000.0,768000000.0,59000000.0,22732000000.0,-4864000000.0,5377000000.0,,15930000.0,-3.32,10244000000.0,-4864000000.0,12488000000.0,11746000000.0,1463000000.0,,,-4907070000.0,,,625000000.0,QCOM,3135000000.0,75000000.0,,742000000.0,,,,134000000.0,,,,,,-86000000.0,5625000000.0,,,,,,,-145000000.0,,,,,,,,,,,,,,,,,,,,,,,,,,,,,,,,,,,,,,,,,
106,2019-09-30,,8108000000.0,,4386000000.0,0.27,4386000000.0,-135000000.0,7481000000.0,4386000000.0,3.59,316000000.0,627000000.0,8599000000.0,0.0,-311000000.0,218000000.0,,-311000000.0,16606000000.0,0.0,9291000000.0,,4386000000.0,2195000000.0,7667000000.0,,1210000000.0,0.0,1401000000.0,4386000000.0,24273000000.0,627000000.0,218000000.0,24273000000.0,4386000000.0,3095000000.0,,58860000.0,3.63,8599000000.0,4386000000.0,15674000000.0,8007000000.0,1220000000.0,,,4226860000.0,,,316000000.0,QCOM,414000000.0,135000000.0,,7667000000.0,,,,353000000.0,,,,,,125000000.0,5398000000.0,,,,,,,-93000000.0,,,,,,,,,,,,,,,,,,,,,,,,,,,,,,,,,,,,,,,,,
107,2020-06-30,,0.0,,0.0,0.0,0.0,0.0,0.0,0.0,0.0,0.0,0.0,0.0,0.0,0.0,0.0,,0.0,0.0,0.0,0.0,,0.0,0.0,0.0,,0.0,0.0,0.0,0.0,0.0,0.0,0.0,0.0,0.0,0.0,,0.0,0.0,0.0,0.0,0.0,0.0,0.0,,,0.0,,,0.0,QCOM,-17000000.0,0.0,,0.0,,,,0.0,,,,,,0.0,0.0,,,,,,,0.0,,,,,,,,,,,,,,,,,,,,,,,,,,,,,,,,,,,,,,,,,
108,2020-09-30,,6321000000.0,,5198000000.0,0.09,5198000000.0,-405000000.0,5719000000.0,5198000000.0,4.52,156000000.0,602000000.0,9255000000.0,0.0,-446000000.0,-69000000.0,,-446000000.0,17276000000.0,47000000.0,7783000000.0,,5198000000.0,2074000000.0,6255000000.0,,1135000000.0,0.0,1393000000.0,5198000000.0,23531000000.0,602000000.0,-69000000.0,23531000000.0,5198000000.0,521000000.0,,-6210000.0,4.58,9255000000.0,5198000000.0,14276000000.0,8021000000.0,1149000000.0,,,5260790000.0,,,156000000.0,QCOM,-28000000.0,405000000.0,,6255000000.0,,,,336000000.0,,,,,,-90000000.0,5975000000.0,,,,,,,-21000000.0,,,,,,,,,,,,,,,,,,,,,,,,,,,,,,,,,,,,,,,,,
109,2021-09-30,,21666000000.0,,18086000000.0,0.24,18086000000.0,-66000000.0,20548000000.0,18086000000.0,0.0,166000000.0,1118000000.0,28524000000.0,12415000000.0,-952000000.0,1896000000.0,,-952000000.0,47554000000.0,0.0,22934000000.0,,18086000000.0,4678000000.0,19578000000.0,,0.0,0.0,3164000000.0,18086000000.0,67132000000.0,1118000000.0,1896000000.0,67132000000.0,18086000000.0,2462000000.0,,227520000.0,0.0,28524000000.0,18086000000.0,38608000000.0,19030000000.0,0.0,,,16417520000.0,,,166000000.0,QCOM,0.0,66000000.0,,19578000000.0,,,,1962000000.0,,,,,,1922000000.0,14352000000.0,,,,,,,26000000.0,,,,,,,,,,,,,,,,,,,,,,,,,,,,,,,,,,,,,,,,,
